3788 5498
403 681 470 750 540
570 669 574 678 ’
812 700 979 748 nanuum>
1001 700 1044 750 ro
1067 699 1203 750 stram
1444 690 1525 774 [nn.
1539 707 1616 771 944

402 855 546 941 pectinis
559 854 723 920 variorum
737 855 958 942 incurs[u]um
969 856 1104 941 [ru]inis
1129 856 1257 923 vicinus
1272 858 1348 924 finis
1369 860 1530 927 terminus
1545 880 1617 927 esse

403 955 530 1019 cunctis
548 954 584 1017 in
606 954 753 1037 proximo
773 956 942 1020 cernitur.
959 954 1079 1020 idcirco
1097 956 1192 1021 vanis
1214 977 1252 1021 ac
1275 958 1500 1024 transibilibus
1520 957 1617 1024 rebus

403 1071 557 1118 mansura
570 1051 709 1116 celestis
724 1053 839 1136 patriae
853 1052 986 1137 praemia
1001 1053 1176 1118 mercanda
1190 1061 1269 1118 sunt
1277 1078 1286 1135 ;
1309 1054 1416 1134 Quam
1430 1057 1473 1121 ob
1487 1075 1619 1122 causam

403 1171 492 1235 ego.
513 1151 755 1215 homonum.
775 1151 883 1235 gentis
911 1150 1092 1234 Anglorum
1116 1171 1203 1216 rex.
1226 1151 1355 1216 cuidam
1377 1154 1525 1236 pontifici
1545 1173 1620 1218 mco

404 1248 549 1332 miliique
563 1248 685 1312 dilecto
694 1249 825 1313 noniine
841 1249 1039 1313 ‚ffinsmco
1052 1249 1094 1313 ob
1107 1249 1210 1332 ipsius
1225 1249 1383 1315 laudabili
1397 1251 1620 1336 ob[edi]entia³

407 1347 476 1412 zelo
490 1346 700 1430 ejusdemque
723 1348 879 1412 servitute
903 1346 1074 1431 placabili.
1091 1347 1244 1431 dignatus
1259 1368 1331 1412 sum
1350 1350 1512 1433 impertiri
1527 1401 1535 1416 .
1550 1364 1621 1414 xxx

403 1466 535 1510 mansas
548 1495 557 1509 .
572 1447 608 1508 in
623 1445 682 1510 illo
696 1446 768 1510 loco
782 1446 840 1510 ubi
852 1445 1048 1528 jamdudum
1064 1444 1203 1510 solicolae
1213 1445 1303 1509 illius
1317 1447 1457 1531 regionis
1471 1447 1621 1532 n[omen]

404 1543 618 1626 inposuerant
631 1592 639 1607 .
654 1558 706 1606 m
727 1544 872 1606 Beonan
895 1559 996 1607 struo
1012 1562 1032 1626 3
1048 1551 1083 1608 to
1098 1541 1331 1607 Doddaniorda
1345 1565 1365 1627 ]
1380 1552 1416 1608 to
1431 1545 1595 1610 Eierdune
1612 1548 1622 1606 Ξ

403 1642 475 1706 'l'ali
489 1648 600 1706 autem
614 1645 726 1706 tenore
741 1639 802 1706 hdo
817 1641 960 1725 praefata
982 1641 1215 1705 munificentia
1230 1661 1351 1706 munus
1371 1642 1530 1707 tradendo
1544 1663 1622 1707 con·

356 1817 359 1823 .
405 1740 486 1806 cessi
502 1789 511 1804 .
526 1747 566 1803 ut
580 1739 745 1823 possideat
759 1747 794 1805 et
813 1740 950 1805 firmiter
964 1746 1077 1804 teneat
1098 1739 1183 1804 hanc
1195 1739 1392 1822 praedictam
1413 1747 1534 1805 terram
1549 1761 1621 1825 per·

405 1839 602 1923 petualiter.
618 1859 693 1902 cum
715 1839 867 1903 omnibus
890 1837 1088 1903 utensilibus
1110 1857 1184 1921 quae
1206 1838 1297 1902 Deus
1319 1838 1470 1903 caelorum
1492 1839 1527 1903 in
1549 1839 1621 1924 ipso

406 1937 532 2002 telluris
546 1937 693 2021 gramine
707 1938 831 2002 creavit
845 1961 854 2016 ;
876 1937 958 2001 Tam
973 1937 1008 2000 in
1024 1937 1112 2001 notis
1126 1936 1232 2001 causis
1252 1944 1286 2002 et
1305 1935 1426 2021 ignotis
1437 1937 1474 2001 in
1488 1937 1625 2002 modicis

405 2044 440 2101 et
459 2036 496 2100 in
515 2037 641 2120 magnis
655 2086 663 2102 .
679 2036 801 2120 campis
815 2087 823 2100 .
839 2035 991 2119 pascuis.
1007 2035 1133 2120 pratis.
1151 2034 1244 2100 siluis
1266 2034 1489 2119 silvarumque
1510 2035 1620 2100 densi·

407 2135 532 2198 tatibus
554 2135 681 2199 donans
702 2134 829 2199 donabo
850 2134 1040 2199 libertatem
1063 2141 1125 2198 ‚ut
1146 2139 1320 2217 postquam
1342 2132 1479 2198 humani
1499 2133 1627 2218 generis

407 2233 616 2317 fragilitatem
639 2232 816 2297 deseruerit
838 2238 872 2297 ct
894 2232 936 2296 ad
959 2230 1206 2296 desiderabilem
1220 2229 1440 2315 jucunditatis
1457 2231 1546 2295 viam
1568 2250 1627 2314 per

407 2331 544 2415 gratiam
553 2331 686 2414 superni
695 2331 817 2414 judicis
829 2331 947 2395 adierit
956 2329 1199 2395 succedentium
1212 2329 1275 2393 sibi
1286 2329 1480 2413 cuicumque
1494 2328 1629 2394 libuerit

407 2428 604 2493 :eternaliter
615 2428 893 2514 derelinquatccu
909 2429 1059 2513 superius
1082 2428 1262 2512 praenotavi
1273 2478 1281 2492 .
1294 2427 1347 2492 Sit
1359 2437 1471 2493 autem
1493 2427 1629 2513 praedic·

408 2535 479 2591 tum
488 2547 545 2590 rus
552 2527 637 2591 liber
644 2528 686 2591 ab
696 2527 784 2591 cinni
797 2527 900 2592 fiscali
909 2527 1034 2591 tributo
1044 2526 1312 2611 saeculariumque
1320 2527 1516 2591 servitutum
1523 2523 1629 2593 ”exac-

408 2628 505 2693 tione'
522 2629 728 2694 erirmnitum
745 2680 752 2693 .
769 2629 839 2694 sine
854 2628 1064 2713 expeditione
1078 2636 1112 2692 et
1127 2629 1237 2712 pontis
1252 2628 1376 2693 arcisve
1391 2629 1628 2695 instructione.

409 2728 630 2812 Pnecipioque
640 2729 675 2791 iu
686 2728 890 2792 nomineDei
902 2728 1023 2792 summi
1033 2735 1101 2792 tam
1111 2726 1204 2791 uobis
1213 2726 1400 2791 viventibus
1408 2747 1507 2811 quam
1519 2727 1629 2792 emm

408 2826 638 2911 *sequentibus
649 2826 761 2890 diuina
773 2833 934 2910 precepta
951 2823 1202 2908 praedicantibus
1212 2823 1311 2906 hujus
1332 2823 1494 2889 libertatis
1505 2826 1630 2890 statuta

269 2926 271 2930 “
410 2925 452 2989 ad
473 2926 604 2989 irritum
626 2923 787 2989 deducere
808 2923 946 2988 minime
968 2923 1132 3007 quispiam
1153 2928 1350 3006 praesumat.
1366 2921 1524 3007 Quisquis
1538 2922 1631 2986 beni·

410 3023 485 3088 vola
500 3031 609 3087 mente
624 3043 731 3086 meam
749 3022 958 3087 donationem
974 3021 1172 3106 amplificare
1188 3021 1342 3106 satagerit
1354 3021 1391 3086 in
1401 3019 1465 3085 hoc
1478 3021 1631 3106 praesenti

412 3121 529 3186 saecmo
557 3121 662 3185 vitam
692 3120 782 3184 illius
812 3141 969 3205 prospera
999 3120 1138 3186 feliciter
1166 3119 1364 3204 longitnrme
1399 3121 1479 3184 vitae
1514 3119 1633 3205 gaudia

413 3228 544 3286 teneat.
560 3220 595 3284 Si
611 3220 686 3304 quis
709 3226 819 3284 autem
842 3219 973 3304 propria
992 3219 1176 3285 temeritate
1195 3217 1355 3284 violenter
1375 3218 1529 3283 invadere
1551 3238 1633 3303 prae·

414 3319 620 3403 sumpserit.
642 3318 725 3382 sciat
747 3338 781 3382 se
812 3317 927 3402 procul
953 3317 1054 3382 dubio
1083 3324 1160 3382 ante
1183 3315 1329 3380 tribunal
1350 3315 1491 3380 districti
1510 3315 1632 3401 judicis

414 3418 612 3482 titubantem
642 3414 960 3498 tremebundumque
988 3415 1147 3479 rationem
1177 3413 1380 3478 redditurum
1409 3462 1418 3479 .
1441 3412 1515 3478 Nisi
1540 3413 1633 3498 prius

414 3515 512 3600 digna
526 3513 747 3579 satisfactione
761 3512 934 3578 emendare
959 3512 1135 3579 maluerit.
1177 3511 1256 3577 Istis
1270 3510 1465 3576 terminibus
1478 3512 1633 3597 praedicta

414 3620 501 3678 terre
515 3613 752 3696 circumgyrata
766 3631 836 3676 esse
852 3610 1006 3677 videtur.

459 3713 499 3793 ’1⁴
527 3709 603 3774 Dis¹
627 3709 707 3775 siut²
733 3714 774 3797 ba
795 3707 874 3773 land
896 3728 1035 3792 gemaera
1061 3728 1081 3792 3
1104 3728 1140 3774 se
1161 3708 1255 3774 embe
1275 3728 1361 3794 gang
1381 3711 1459 3796 bara
1479 3707 1577 3773 landa
1597 3714 1634 3774 to

414 3808 544 3872 baddau
557 3808 687 3892 byrig]
704 3815 737 3872 to
753 3807 884 3872 doddan
900 3806 1005 3871 forda³
1019 3828 1039 3889 3
1055 3815 1090 3871 to
1112 3807 1180 3873 eser
1195 3806 1304 3871 dune.
1319 3808 1389 3872 eaet
1401 3807 1431 3872 is
1443 3809 1526 3894 bone
1539 3815 1637 3874 aerest

415 3915 461 3973 et
482 3906 612 3971 baddau
626 3906 722 3993 byrg⁴
743 3905 963 3991 pestcpeardre
978 3925 998 3989 ]
1014 3905 1248 3991 nortepeardre
1271 3913 1315 3972 aet
1327 3909 1402 3992 bem
1415 3905 1522 3992 lytlan
1535 3905 1637 3972 teolo-

415 4004 513 4070 fenan
535 4006 679 4089 beorge.
703 4009 808 4091 bonne
831 4026 874 4069 on
896 4005 1022 4089 gerihte
1044 4004 1082 4069 of
1099 4003 1193 4069 'daml
1212 4003 1329 4089 beorge
1355 4004 1438 4069 norb
1463 4013 1498 4069 tc
1522 4024 1637 4090 pearge

415 4103 503 4168 dune
517 4154 525 4168 .
539 4102 691 4187 betpeox⁶
704 4107 745 4189 ba
759 4101 879 4191 lytlau⁷
891 4112 1008 4189 tpegen
1023 4103 1174 4188 beorges.
1185 4106 1248 4189 baet
1261 4106 1326 4189 bar
1338 4105 1423 4168 nort
1436 4104 1535 4190 ]lang
1548 4105 1636 4169 liaere

416 4200 532 4285 litlau²
547 4202 602 4268 dlc
612 4211 656 4268 aet
669 4207 733 4289 baes
747 4203 854 4287 grates
869 4203 952 4267 ende
967 4203 1010 4266 oli
1025 4201 1069 4266 ’aa
1084 4201 1210 4267 smalan
1225 4203 1344 4267 iiornas
1358 4251 1368 4269 .
1384 4206 1495 4269 bonne
1508 4205 1546 4268 oi
1556 4205 1635 4269 bem

416 4301 553 4386 bornum
568 4299 615 4386 dp
629 4321 671 4364 on
692 4302 737 4365 ila
752 4299 871 4387 lytlan⁸
886 4300 975 4367 dune
995 4299 1261 4386 middepeardre
1276 4304 1382 4388 bonne
1399 4303 1436 4367 of
1447 4304 1533 4367 eme
1547 4300 1636 4367 dune
1671 4388 1673 4392 μ

417 4404 488 4462 east
500 4419 544 4462 on
558 4399 613 4463 iox
628 4397 719 4485 hylle
733 4397 989 4484 campeniae.

461 4495 599 4580 ponne¹⁰
611 4498 741 4581 genae
731 4518 762 4563 rc
777 4498 953 4584 AElipine]
967 4497 1184 4564 Bcorhtnlie¹¹
1201 4502 1266 4586 bees
1279 4498 1476 4592 leastas¹2
1488 4499 1637 4607 bammee

417 4592 458 4658 be
472 4598 598 4660 norban
612 4599 696 4683 baete
710 4596 826 4682 lytlan'
842 4596 922 4666 dic.

467 4739 530 4793 1Β
542 4743 713 4808 beginsbere
724 4745 771 4795 the
755 4745 1643 4813 ctextoitheebnrterlravingbeenemedtcmnkerocmior

417 4818 599 4874 ntem
707 4822 857 4888 sanam
965 4825 1114 4890 mane
1202 4825 1395 4893 Meysen.
1503 4823 1638 4890 ψῃ

418 4898 495 4963 ·m‚
508 4899 543 4953 e
656 4903 795 4968 rmaun
810 4905 844 4959 a
963 4905 1132 4972 meuse
1254 4909 1369 4973 mma
1382 4906 1416 4960 e
1538 4905 1641 4958 ame

418 4982 746 5128 ζωκίὲιῖἤρυωὶζυε
745 4980 983 5120 Rueemmbly
993 4987 1392 5110 reimtotbcliinbcpfflrie.
1524 4984 1545 5023 ²¹
1561 4987 1639 5039 Βοω·
