3788 5498
549 462 616 528 420
762 423 770 431 .
934 485 1137 536 ernmsrm
1158 486 1201 536 ro
1222 487 1364 540 vuius.
1536 475 1751 580 tunm.

550 633 650 717 hujus
664 655 722 720 pro
737 657 803 703 unu
817 659 929 706 mensa
943 640 978 706 iu
992 642 1081 706 omni
1095 643 1224 726 negotio
1238 663 1258 727 *J
1273 643 1383 710 debito
1396 645 1508 713 haberi
1522 644 1661 713 statuit.
1674 668 1696 731 ⁷1
1708 653 1751 712 ut

552 753 719 816 nunquam
734 738 848 820 majori
863 741 994 804 servitio
1008 762 1105 824 quem
1120 743 1162 804 ub
1176 763 1243 805 unu
1256 744 1397 826 exigitur
1416 766 1528 811 mansu
1542 746 1703 812 deserviet
1714 745 1753 810 iu

551 831 681 895 nomine
696 832 818 898 Christi
833 837 1024 903 interdixit.
1042 838 1147 921 Igitur
1167 839 1252 903 banc
1273 840 1456 907 libertatum
1477 845 1525 908 sic
1545 844 1751 912 roboratam.

551 930 699 1012 quisquis
721 934 854 998 servitio
879 936 1017 1018 graviori
1042 938 1260 1019 oppresserit.
1277 938 1443 1004 Christum
1468 962 1543 1006 cum
1564 941 1691 1006 venerit
1714 942 1753 1006 iu

506 1019 510 1024 ’
552 1027 720 1109 magistuts
734 1049 793 1093 sus
808 1052 883 1095 omn
898 1033 1019 1117 angelis
1033 1035 1101 1097 suis
1112 1035 1256 1113 judicem
1272 1035 1389 1100 imtum
1405 1057 1425 1120 Ἰ
1441 1048 1568 1104 sanctos
1589 1038 1752 1122 apostolos

552 1123 713 1208 Petrum]
724 1127 864 1192 Paulum
879 1139 1006 1195 sanctos
1021 1153 1150 1218 quoque
1162 1153 1272 1196 omnes
1284 1133 1318 1195 in
1330 1134 1472 1200 aeeclesia
1484 1137 1631 1219 Ventum
1643 1137 1752 1219 quies·

551 1234 660 1289 centes
685 1228 895 1314 ejusdemque
915 1232 1064 1296 {ecclesiae
1086 1234 1252 1316 episcopos
1272 1233 1467 1301 adversarios
1491 1238 1610 1302 habeut
1630 1237 1694 1301 nisi
1715 1257 1752 1302 sc

552 1325 701 1405 nequiter
723 1327 827 1409 egisse
852 1328 990 1393 dolent.
1013 1351 1205 1414 rursumque
1231 1330 1348 1396 dilecto
1374 1333 1444 1399 Deo
1467 1335 1599 1400 basilios
1627 1334 1753 1399 amicum

552 1421 690 1487 efficitur
703 1424 851 1506 pentane
865 1473 876 1491 .

683 1534 782 1597 Anno
805 1536 966 1620 siqnidem
996 1538 1226 1602 incarnationis
1250 1538 1439 1604 dominice.
1462 1555 1565 1604 nocco
1582 1589 1592 1604 .
1612 1556 1756 1606 xxm.

815 1636 873 1716 qui
894 1638 1046 1719 precessit
1065 1658 1187 1700 annum
1212 1657 1276 1720 quo
1298 1636 1419 1701 bellum
1440 1638 1562 1703 celebre
1582 1641 1617 1703 in
1636 1640 1755 1704 Beon-

813 1747 1002 1797 lxcnmba
1017 1735 1138 1797 luctum
1162 1734 1225 1798 suit
1239 1783 1247 1796 .
1263 1735 1454 1820 AEPelstano
1479 1757 1552 1820 rege
1572 1757 1632 1820 pm
1653 1737 1707 1802 his
1730 1759 1754 1820 1

815 1830 889 1894 eliis
911 1830 1023 1894 multis
1045 1832 1210 1895 beneficiis
1233 1833 1400 1896 victoriam
1424 1834 1592 1916 optinente
1620 1834 1755 1900 libertus

815 1926 884 1992 luec
894 1938 1047 1993 renovate
1057 1936 1127 1994 erat
1138 1980 1145 1991 .
1158 1929 1406 2014 archiepiscopis
1419 1931 1577 2015 episcopis
1587 1932 1755 2015 darmbus]

815 2026 1016 2109 principibus
1038 2026 1220 2110 Anglorum
1250 2027 1385 2091 insimul
1408 2049 1466 2112 pro
1492 2029 1581 2111 regni
1611 2030 1756 2096 utilitate

814 2123 1025 2187 coadunatis.
1040 2125 1097 2207 qui
1120 2146 1233 2188 omnes
1255 2125 1331 2188 uuir¹
1355 2125 1613 2191 uroledictionem
1637 2129 1669 2191 ei
1694 2128 1757 2192 im·

816 2231 994 2303 posueruut
1007 2223 1065 2304 qui
1078 2242 1152 2286 earu
1169 2243 1312 2307 unquam
1328 2224 1535 2289 iumrutsmt.

581 2363 631 2414 (A.)
641 2364 699 2407 unu
709 2365 776 2410 uum
783 2367 844 2408 Md.
853 2367 902 2409 us,
912 2368 992 2417 law,
999 2367 1019 2410 l.
1028 2368 1087 2411 llssl.
1154 2368 1161 2420 Ι
1184 2367 1400 2421 [Κ.]Κοωὶ)11,ΰοᾶ.
1407 2370 1524 2424 optatu
1531 2381 1627 2421 lenm
1634 2373 1758 2429 llum

557 2695 629 2762 714
654 2697 756 2760 Grant
772 2699 811 2781 op
824 2700 915 2783 Χίης]
928 2701 1104 2765 AEtlrslslan
1122 2710 1153 2766 lc
1178 2701 1294 2767 Willcn
1308 2704 1472 2787 biennem,
1486 2704 1614 2788 osluad
1626 2711 1663 2768 nt
1676 2705 1761 2787 Bry-

644 2796 809 2872 desernit,
822 2822 858 2861 or
871 2800 1046 2876 Burconem,
1061 2823 1141 2863 secur
1158 2802 1286 2877 illuns,
1300 2823 1340 2865 co.
1364 2802 1467 2866 Witts.
1511 2817 1572 2864 en.
1588 2803 1662 2868 937.

560 2921 620 3003 prs
642 2935 698 2985 ms
721 2922 994 2987 Brrmmcomum
1015 2939 1103 2988 mn
1126 2942 1189 2990 noc
1210 2929 1250 3010 pr
1266 2925 1453 3011 AEpmsruv
1476 2940 1556 2989 cruc
1571 2914 1616 2988 cr'
1629 2941 1761 2990 nocone

602 3022 672 3105 pau
688 3036 796 3105 nuptu
813 3037 855 3085 ar
871 3021 1021 3105 Prummu
1035 3038 1096 3085 ron
1112 3039 1195 3086 nme
1210 3045 1229 3105 3
1246 3038 1307 3085 ron
1321 3022 1500 3086 mortuos
1514 3038 1571 3086 ms
1585 3038 1718 3107 muros

1022 3135 1066 3182 ox
1089 3135 1176 3183 ncne
1197 3135 1304 3184 vura.

604 3234 786 3319 Ilegnante²
807 3232 883 3299 theo
904 3234 939 3299 in
962 3255 1040 3299 eona
1062 3232 1212 3322 eo[n]um
1229 3234 1425 3298 ‚Neminem
1447 3232 1568 3317 quippe
1582 3232 1618 3296 in
1631 3233 1764 3296 mortali

559 3333 627 3398 solo
661 3334 813 3417 quamvis
844 3334 1027 3398 universam
1059 3335 1159 3397 cosmi
1194 3333 1308 3397 seriem
1339 3332 1477 3416 quisque
1503 3331 1614 3395 solerti
1642 3332 1764 3395 mentis

559 3432 707 3496 acumine
736 3432 913 3515 perlustret
935 3438 1097 3516 expertem
1130 3430 1284 3514 reperiret
1314 3429 1423 3494 debite
1452 3430 1566 3493 mortis
1591 3429 1765 3493 extitisse.

559 3533 719 3617 Illamque
737 3535 827 3617 juste
849 3534 1030 3598 severitatis
1052 3533 1261 3597 sententiam,
1278 3530 1469 3614 protoplasti
1498 3529 1766 3614 prevaricationis

558 3654 676 3697 noxam
698 3631 841 3697 delatam
864 3633 1003 3697 evasisse
1026 3640 1062 3695 ut
1084 3629 1380 3695 dicitur.“Te1·rs³
1399 3651 1433 3694 es
1455 3638 1489 3694 et
1509 3630 1544 3692 in
1565 3637 1684 3692 terrum
1698 3627 1764 3690 ibis

558 3731 668 3815 pulvis
682 3752 716 3795 ss
725 3738 759 3795 et
770 3733 806 3794 in
821 3730 987 3814 pulverem
1001 3729 1196 3794 reverteris”.
1212 3727 1268 3792 Set
1283 3736 1393 3792 tamen
1405 3727 1515 3791 divina
1530 3726 1704 3791 clementie
1715 3722 1765 3788 *iu

559 3830 727 3896 eramhah⁴
742 3831 890 3913 potentin
905 3830 998 3893 nobis
1008 3829 1194 3910 jacentibus
1209 3829 1243 3892 in
1259 3828 1381 3892 infimis
1395 3827 1436 3891 ad
1451 3835 1610 3910 antrupon
1625 3824 1764 3890 salutem

560 3931 719 3999 concessit
739 3930 806 3994 duo
827 3932 933 3995 inesse
955 3930 1072 4014 quibus
1094 3939 1224 3993 tantum
1246 3929 1460 3993 humanarum
1483 3935 1611 3992 constat
1630 3928 1768 3991 effectus

560 4039 693 4096 actuum
717 4027 883 4093 Voluntas
909 4028 1031 4092 scilieet
1057 4034 1157 4110 atque
1182 4035 1325 4110 potestas
1362 4077 1370 4090 .
1410 4026 1536 4090 Idcirco
1564 4024 1622 4089 ille
1651 4024 1768 4088 divitie

561 4150 635 4196 cum
660 4127 782 4192 mentis
807 4127 988 4191 intentione
1013 4124 1175 4209 diligende
1199 4133 1276 4188 sunt
1305 4144 1368 4207 que
1395 4142 1573 4207 numquam
1598 4120 1769 4205 decipiunt

559 4228 759 4293 habentem.
777 4225 849 4290 Nec
871 4225 907 4289 in
929 4226 1001 4308 ipsa
1022 4231 1125 4287 morte
1148 4224 1375 4287 amittuntur.
1398 4221 1454 4286 sed
1477 4221 1553 4304 plus
1573 4219 1770 4284 habundant

561 4327 640 4391 dum
655 4326 800 4391 cernitur
815 4324 904 4409 quod
918 4328 1068 4387 ametur.

607 4429 813 4511 Quapropter
835 4447 894 4511 ego
909 4427 1139 4511 AEpffiraxts
1154 4473 1161 4486 .
1178 4423 1317 4486 nodante
1332 4423 1397 4486 Dei
1419 4422 1522 4505 gratia
1547 4420 1685 4485 basileos
1698 4419 1772 4483 Au·

562 4528 701 4614 glorum⁸
726 4535 760 4593 et
782 4527 831 4593 et⁸
853 4548 935 4611 sque
957 4527 1058 4591 totius
1081 4526 1250 4589 Britannis
1278 4525 1366 4588 orbis
1394 4522 1567 4606 cumgulus
1588 4525 1772 4609 perpetuali

611 4668 784 4734 mmet.

610 4749 914 4816 messmam
1090 4747 1337 4813 ⁸cremium.
1507 4747 1775 4812 *humanm

586 4832 726 4884 senem
828 4829 1281 4897 manuteneamus.
1379 4826 1719 4892 mensunusum
