3788 5498
412 451 477 516 508
734 463 901 513 menese
922 461 966 511 ro
988 459 1110 510 uranon
1132 458 1294 510 oronam.
1456 450 1534 538 [m
1547 468 1624 534 94²·

415 621 530 705 majori
551 621 668 685 minori
689 642 730 686 re
752 642 887 705 persone
909 638 983 683 cnm
1006 617 1157 681 omnibns
1171 617 1367 689 utensilibus
1387 645 1461 709 quae
1478 625 1569 708 juste
1582 623 1627 688 ad

414 731 519 805 ipsam
534 720 674 783 insulam
684 721 844 804 pertinere
856 717 1071 781 dinoscuntur
1087 764 1095 780 .
1111 736 1210 799 quain
1226 716 1358 785 solicole
1375 721 1624 787 consueverant¹

414 820 578 885 rusticana
600 817 766 882 locucione
789 819 989 881 Stuuuutiu
1004 813 1188 898 appellare.
1205 836 1292 880 nnnc
1308 825 1342 882 et
1356 827 1437 884 tnnc
1452 819 1626 906 paludibus

414 919 545 1002 aquosis
568 917 766 1000 piscosisque
788 915 944 979 fluctibus
962 934 1119 997 aqnanim
1150 914 1441 984 circumvallatam²
1454 970 1463 996 ‚
1477 920 1630 984 omnibns

415 1019 626 1083 manifestum
656 1026 729 1083 est.
774 1018 847 1080 Hec
876 1026 987 1079 autern
1011 1015 1146 1098 pra-iata
1169 1015 1304 1081 donacio
1327 1020 1421 1083 timia
1442 1026 1632 1105 pemraneot

415 1117 575 1202 quamdiu
590 1117 820 1182 christianitas
836 1117 870 1179 in
887 1126 983 1199 gente
998 1113 1180 1196 Anglorum
1194 1123 1252 1178 aut
1268 1116 1414 1182 ecclesiis
1435 1120 1497 1184 Dei
1513 1120 1632 1184 electo-

416 1237 553 1300 rumque
587 1218 657 1300 ejus
686 1216 902 1280 ecclesiastice
933 1212 1079 1276 nummio
1102 1212 1248 1296 fulgeant
1271 1216 1437 1282 mentibus
1460 1218 1631 1283 fidelium.
1716 1235 1720 1242 ’

418 1317 515 1380 Hanc
530 1337 606 1379 vero
621 1323 834 1398 pranotat-anr
853 1312 1113 1377 niuniticenciaiu
1132 1312 1309 1395 incipiente
1325 1335 1409 1378 anno
1426 1317 1528 1381 tercio
1539 1316 1633 1401 regni

418 1415 483 1478 moi
512 1413 660 1476 roborari
690 1422 788 1497 atque
818 1411 1083 1475 confirmarint
1105 1412 1257 1475 omnibus
1287 1414 1509 1479 mundialibus
1538 1436 1635 1480 coun-
1697 1415 1700 1421 ’

419 1512 537 1595 gnstiis
567 1511 610 1573 sit
636 1511 740 1574 libera
763 1561 771 1586 ,
793 1510 857 1573 nisi
882 1509 969 1592 quod
996 1516 1106 1571 nostro
1136 1510 1301 1573 communi
1323 1511 1441 1575 labori⁸
1466 1512 1633 1596 pertinet.

421 1611 561 1676 Minime
591 1610 818 1694 cniqua1u⁴in
850 1609 1014 1672 oldirione
1045 1607 1129 1670 illud
1159 1607 1354 1672 tradendum
1381 1618 1453 1676 est.
1498 1611 1533 1674 Si
1560 1611 1635 1695 quis
1707 1649 1709 1654 ι

421 1712 585 1778 benivole
612 1719 721 1776 mente
748 1733 865 1791 augere
890 1709 1028 1772 voluerit
1059 1708 1172 1772 archos
1202 1730 1413 1793 supernorum
1450 1712 1576 1776 ciuium
1602 1719 1637 1777 et

421 1812 617 1895 gnbennator
634 1810 866 1893 ter[r]estrinm
889 1808 1138 1872 retribucionern
1154 1808 1188 1870 in
1204 1810 1325 1872 eternis
1348 1809 1545 1875 habitaculis
1566 1810 1638 1894 dig·

423 1918 521 1972 netur
549 1907 723 1972 concedere
739 1959 746 1973 .
762 1908 790 1970 si
820 1908 896 1990 quis
925 1916 1035 1969 antem
1066 1914 1179 1970 contra
1209 1906 1271 1970 lioc
1295 1907 1462 1973 decretum
1492 1909 1640 1973 incessus

425 2007 575 2070 fueritin
598 2006 748 2070 examine
771 2004 932 2069 tremendi
950 2003 1066 2086 judicii
1087 2004 1168 2068 sciat
1184 2025 1218 2068 se
1234 2003 1432 2070 demoniacis
1453 2006 1641 2090 agminibus

424 2103 466 2167 od
480 2105 619 2168 Tartara
640 2102 787 2166 subtrahi
803 2114 836 2166 et
852 2103 1028 2165 dimersum
1046 2102 1081 2164 in
1095 2103 1216 2166 eternis
1231 2103 1353 2186 stigcys
1369 2105 1526 2169 ferventis
1541 2104 1618 2170 Orci
1633 2154 1642 2182 ‚
1670 2102 1672 2106 ’

424 2204 491 2267 nisi
517 2204 609 2286 prins
638 2200 932 2285 singultacionibns
962 2221 1019 2265 sue
1049 2202 1245 2265 temeritatis
1275 2202 1444 2267 audacium
1470 2203 1643 2270 emendare

427 2305 613 2370 curaverit.

475 2462 604 2513 Sen'bitur
614 2463 694 2512 etiam
705 2461 732 2511 in
744 2462 795 2511 iata
807 2461 874 2525 regis
886 2460 1033 2510 Eadmnndi
1045 2459 1183 2509 collacione
1195 2461 1301 2524 Angliec
1314 2461 1395 2525 iluinr
1405 2467 1481 2511 tenen
1491 2468 1562 2513 σιώ)
1572 2462 1643 2528 prin·

427 2544 518 2607 optio
528 2544 561 2593 de
573 2543 650 2593 verbo
661 2543 695 2591 ad
707 2544 815 2591 verbum
827 2579 834 2591 .
846 2558 926 2605 quam
937 2542 1042 2604 quidem
1059 2547 1117 2590 turn
1129 2548 1235 2605 propter
1245 2542 1384 2606 figurarum
1401 2543 1574 2606 ignorandum
1585 2547 1645 2594 tum

429 2635 535 2691 propter
551 2626 734 2675 uocabulorum
752 2624 896 2672 barlnriem
914 2660 921 2672 .
939 2623 1111 2688 praesentatus
1126 2623 1233 2672 minim
1249 2624 1282 2672 nd
1298 2639 1410 2688 presens
1425 2624 1550 2675 duximus
1564 2625 1644 2675 inter·

430 2705 582 2758 serendam.
617 2708 648 2757 ln
659 2707 718 2770 ejus
729 2712 788 2755 tum
798 2705 867 2756 ealce
878 2704 914 2754 nie
925 2704 1093 2754 continetur.

475 2851 562 2912 Acta
577 2855 626 2912 est
636 2847 697 2911 hec
708 2847 842 2930 praefata
857 2844 993 2910 donacio
1007 2864 1093 2908 mino
1108 2844 1151 2907 ab
1165 2843 1391 2909 incarnacione
1405 2844 1531 2908 domini
1543 2844 1647 2909 nostri

433 2947 540 3011 Jllesu
555 2947 679 3011 Christi
694 2961 870 3009 ncccenx'u
886 2993 896 3009 .
912 2944 1099 3008 ludiocione
1114 2992 1123 3008 .
1139 2959 1185 3007 xv
1201 2992 1209 3008 .

569 3096 609 3175 ›1‹
635 3095 703 3177 Ego
725 3093 938 3156 Fadnnmdus
959 3114 1017 3157 rex
1042 3092 1221 3176 Anglorum
1243 3092 1411 3174 paefatam
1433 3090 1646 3156 donacionem

699 3216 774 3260 cum
790 3196 898 3279 sigillo
913 3201 1024 3260 sancte
1039 3195 1146 3258 crucis
1161 3193 1373 3258 continuavi.

635 3299 703 3382 Ego
718 3297 880 3382 Aedginu⁷
895 3299 978 3381 regis
993 3305 1096 3361 mater
1111 3295 1343 3379 consinguavi.

572 3405 612 3484 »1⁴
635 3402 704 3485 Ego
720 3400 846 3464 Eadred
861 3400 1006 3482 ejusdem
1022 3399 1106 3483 regis
1122 3398 1221 3462 irater
1235 3397 1384 3461 consensi
1400 3447 1409 3462 .

635 3504 733 3590 [Ego]
756 3503 947 3568 Theoddred
968 3501 1202 3566 londoniensis
1221 3499 1356 3565 ecclesie
1381 3501 1552 3585 episeopus
1573 3502 1650 3566 salu

703 3627 833 3670 armar.

636 3711 705 3794 Ego
719 3709 870 3794 Aelpheg
884 3707 1123 3772 wintoniensis
1137 3705 1272 3771 ecclesie
1286 3705 1457 3791 episcopus
1472 3706 1654 3792 triumphs·

702 3812 768 3877 lem
784 3811 972 3896 tropheum⁸
987 3811 1057 3896 agie
1072 3811 1178 3875 erucis
1192 3809 1354 3894 inpressi.

639 3918 708 4003 Ego
724 3915 901 3981 Kenwald⁹
915 3916 1085 3999 episcopus
1100 3912 1249 3978 consensi
1264 3961 1273 3978 .

638 4021 707 4104 Ego
722 4020 841 4084 AEltric
856 4020 1026 4104 episeopus
1041 4015 1254 4109 oonsigfnavi.
1324 4088 1327 4092 Α

639 4124 708 4206 Ego
722 4121 850 4187 AElfred
864 4123 1034 4206 episcopus
1048 4118 1237 4184 confirmavi
1251 4169 1261 4184 .

634 4228 703 4310 Ego
719 4226 874 4290 Burthric
888 4225 1058 4310 episcopus
1072 4221 1222 4287 consensi
1236 4271 1245 4286 .

640 4330 709 4413 Ego
723 4327 903 4414 aethelgar
917 4328 1086 4413 episeopus
1101 4323 1272 4390 roboravi.

494 4539 503 4573 ¹
521 4544 604 4600 ·runt,
616 4537 653 4589 Κ.
773 4537 786 4571 ²
802 4539 849 4599 Ut,
859 4555 968 4604 appears
978 4543 1006 4587 te
1017 4537 1050 4586 be
1061 4535 1177 4600 κακῶς
1186 4536 1258 4586 here.
1372 4538 1384 4568 ⁸
1401 4536 1505 4599 labore,
1516 4538 1582 4588 with
1591 4555 1605 4588 ι
1614 4555 1659 4590 ex·

444 4619 568 4685 pnnctaed,
579 4620 631 4668 and
643 4623 654 4669 i
665 4619 791 4676 everline,
801 4620 857 4670 HS.
996 4619 1008 4651 ⁴
1024 4619 1204 4700 Cuiq3',l18.;
1218 4618 1320 4683 eurique,
1332 4616 1369 4668 Κ.
1500 4619 1512 4650 ¹
1527 4621 1615 4683 Bene,
1624 4618 1660 4672 Κ.

443 4696 606 4762 ‘eunte
703 4697 855 4762 ’ΜΔΕ
953 4697 1212 4768 ‘Triumphmk
1310 4695 1461 4763 ’Cernit
