<?xml version="1.0" encoding="UTF-8"?>
<!DOCTYPE html PUBLIC "-//W3C//DTD XHTML 1.0 Transitional//EN"
    "http://www.w3.org/TR/xhtml1/DTD/xhtml1-transitional.dtd">
<html xmlns="http://www.w3.org/1999/xhtml" xml:lang="en" lang="en">
 <head>
  <title>
</title>
<meta http-equiv="Content-Type" content="text/html;charset=utf-8" />
  <meta name='ocr-system' content='tesseract 3.04.00' />
  <meta name='ocr-capabilities' content='ocr_page ocr_carea ocr_par ocr_line ocrx_word'/>
</head>
<body>
  <div class='ocr_page' id='page_1' title='image "./cartulariumsaxo03bircgoog_0108.png"; bbox 0 0 3788 5498; ppageno 0'>
   <div class='ocr_carea' id='block_1_1' title="bbox 411 454 1615 550">
    <p class='ocr_par' dir='ltr' id='par_1_1' title="bbox 411 454 1615 550">
     <span class='ocr_line' id='line_1_1' title="bbox 411 454 1615 550; baseline -0.002 -18"><span class='ocrx_word' id='word_1_1' title='bbox 411 468 478 534; x_wconf 71' lang='lat'>412</span> <span class='ocrx_word' id='word_1_2' title='bbox 769 478 971 532; x_wconf 70' lang='lat' dir='ltr'>ernmsrau</span> <span class='ocrx_word' id='word_1_3' title='bbox 992 480 1036 529; x_wconf 91' lang='lat' dir='ltr'>ro</span> <span class='ocrx_word' id='word_1_4' title='bbox 1058 477 1239 528; x_wconf 74' lang='lat' dir='ltr'>mnsam.</span> <span class='ocrx_word' id='word_1_5' title='bbox 1447 454 1528 550; x_wconf 69' lang='lat' dir='ltr'>[un.</span> <span class='ocrx_word' id='word_1_6' title='bbox 1540 465 1615 547; x_wconf 65' lang='lat'>93&amp;</span> 
     </span>
    </p>
   </div>
   <div class='ocr_carea' id='block_1_2' title="bbox 413 798 1618 982">
    <p class='ocr_par' dir='ltr' id='par_1_2' title="bbox 413 798 1618 982">
     <span class='ocr_line' id='line_1_2' title="bbox 413 798 1618 884; baseline -0.005 -16"><span class='ocrx_word' id='word_1_7' title='bbox 413 803 487 870; x_wconf 83' lang='lat'><strong>730.</strong></span> <span class='ocrx_word' id='word_1_8' title='bbox 512 801 616 865; x_wconf 85' lang='lat' dir='ltr'>Gruat</span> <span class='ocrx_word' id='word_1_9' title='bbox 641 801 679 884; x_wconf 71' lang='lat' dir='ltr'>ty</span> <span class='ocrx_word' id='word_1_10' title='bbox 700 801 791 881; x_wconf 76' lang='lat' dir='ltr'>Kirrp</span> <span class='ocrx_word' id='word_1_11' title='bbox 812 799 999 864; x_wconf 78' lang='lat' dir='ltr'>AEtleclstun</span> <span class='ocrx_word' id='word_1_12' title='bbox 1022 805 1052 861; x_wconf 84' lang='lat' dir='ltr'>to</span> <span class='ocrx_word' id='word_1_13' title='bbox 1074 798 1123 860; x_wconf 77' lang='lat' dir='ltr'>lde</span> <span class='ocrx_word' id='word_1_14' title='bbox 1144 799 1232 878; x_wconf 72' lang='lat' dir='ltr'>tdrpa</span> <span class='ocrx_word' id='word_1_15' title='bbox 1257 798 1570 882; x_wconf 77' lang='lat' dir='ltr'>AEtdrrrrd‚&#39;osland</span> <span class='ocrx_word' id='word_1_16' title='bbox 1582 805 1618 862; x_wconf 81' lang='lat' dir='ltr'>al</span> 
     </span>
     <span class='ocr_line' id='line_1_3' title="bbox 650 897 1305 982; baseline -0.003 -20"><span class='ocrx_word' id='word_1_17' title='bbox 650 970 654 975; x_wconf 23' lang='lat'><strong>⁴</strong></span> <span class='ocrx_word' id='word_1_18' title='bbox 715 901 880 982; x_wconf 80' lang='lat' dir='ltr'>Rimplon,</span> <span class='ocrx_word' id='word_1_19' title='bbox 894 919 935 961; x_wconf 84' lang='lat' dir='ltr'>co.</span> <span class='ocrx_word' id='word_1_20' title='bbox 950 897 1107 961; x_wconf 81' lang='lat' dir='ltr'>Somersct.</span> <span class='ocrx_word' id='word_1_21' title='bbox 1151 911 1215 959; x_wconf 65' lang='lat' dir='ltr'>nn.</span> <span class='ocrx_word' id='word_1_22' title='bbox 1232 898 1305 976; x_wconf 82' lang='grc'><strong>938.</strong></span> 
     </span>
    </p>
   </div>
   <div class='ocr_carea' id='block_1_3' title="bbox 390 1032 1712 1538">
    <p class='ocr_par' dir='ltr' id='par_1_3' title="bbox 390 1032 1712 1220">
     <span class='ocr_line' id='line_1_4' title="bbox 390 1032 1712 1124; baseline -0.002 -24"><span class='ocrx_word' id='word_1_23' title='bbox 390 1078 394 1085; x_wconf 88' lang='grc'>-</span> <span class='ocrx_word' id='word_1_24' title='bbox 412 1036 469 1120; x_wconf 80' lang='lat' dir='ltr'>prs</span> <span class='ocrx_word' id='word_1_25' title='bbox 485 1051 517 1100; x_wconf 93' lang='lat' dir='ltr'>rs</span> <span class='ocrx_word' id='word_1_26' title='bbox 532 1035 708 1100; x_wconf 70' lang='lat' dir='ltr'>Rrarrums</span> <span class='ocrx_word' id='word_1_27' title='bbox 723 1051 813 1098; x_wconf 76' lang='lat' dir='ltr'>mxu</span> <span class='ocrx_word' id='word_1_28' title='bbox 830 1049 893 1098; x_wconf 86' lang='lat' dir='ltr'>noc</span> <span class='ocrx_word' id='word_1_29' title='bbox 903 1049 945 1096; x_wconf 83' lang='lat' dir='ltr'>nr</span> <span class='ocrx_word' id='word_1_30' title='bbox 956 1032 1149 1118; x_wconf 71' lang='lat' dir='ltr'>AEprrsrm·</span> <span class='ocrx_word' id='word_1_31' title='bbox 1165 1046 1246 1095; x_wconf 73' lang='lat' dir='ltr'>crue</span> <span class='ocrx_word' id='word_1_32' title='bbox 1262 1047 1432 1098; x_wconf 81' lang='lat' dir='ltr'>eraoconr</span> <span class='ocrx_word' id='word_1_33' title='bbox 1447 1033 1620 1122; x_wconf 74' lang='lat' dir='ltr'>AEpsarnr</span> <span class='ocrx_word' id='word_1_34' title='bbox 1711 1120 1712 1124; x_wconf 7' lang='grc' dir='ltr'><strong>Ἰ</strong></span> 
     </span>
     <span class='ocr_line' id='line_1_5' title="bbox 774 1141 1248 1220; baseline 0 -21"><span class='ocrx_word' id='word_1_35' title='bbox 774 1152 832 1199; x_wconf 83' lang='lat' dir='ltr'>ms</span> <span class='ocrx_word' id='word_1_36' title='bbox 853 1141 963 1220; x_wconf 63' lang='lat' dir='ltr'>bEGXE</span> <span class='ocrx_word' id='word_1_37' title='bbox 985 1151 1031 1199; x_wconf 66' lang='grc' dir='ltr'>ΟΧ</span> <span class='ocrx_word' id='word_1_38' title='bbox 1054 1150 1115 1199; x_wconf 73' lang='lat' dir='ltr'>ECE</span> <span class='ocrx_word' id='word_1_39' title='bbox 1136 1149 1248 1199; x_wconf 74' lang='lat' dir='ltr'>YRFB.</span> 
     </span>
    </p>

    <p class='ocr_par' dir='ltr' id='par_1_4' title="bbox 455 1256 1618 1343">
     <span class='ocr_line' id='line_1_6' title="bbox 455 1256 1618 1343; baseline 0 -19"><span class='ocrx_word' id='word_1_40' title='bbox 455 1259 611 1343; x_wconf 75' lang='lat' dir='ltr'>Egregius</span> <span class='ocrx_word' id='word_1_41' title='bbox 624 1260 769 1342; x_wconf 55' lang='lat' dir='ltr'>mouista</span> <span class='ocrx_word' id='word_1_42' title='bbox 781 1259 1014 1322; x_wconf 78' lang='lat' dir='ltr'><strong>sermocinatus</strong></span> <span class='ocrx_word' id='word_1_43' title='bbox 1029 1264 1080 1322; x_wconf 89' lang='lat' dir='ltr'>est</span> <span class='ocrx_word' id='word_1_44' title='bbox 1095 1257 1129 1320; x_wconf 93' lang='lat' dir='ltr'>in</span> <span class='ocrx_word' id='word_1_45' title='bbox 1145 1256 1313 1339; x_wconf 90' lang='lat' dir='ltr'>scripturis</span> <span class='ocrx_word' id='word_1_46' title='bbox 1324 1258 1462 1324; x_wconf 76' lang='lat' dir='ltr'>divinis.</span> <span class='ocrx_word' id='word_1_47' title='bbox 1474 1260 1618 1324; x_wconf 87' lang='lat' dir='ltr'>“omnia¹</span> 
     </span>
    </p>

    <p class='ocr_par' dir='ltr' id='par_1_5' title="bbox 412 1355 1618 1440">
     <span class='ocr_line' id='line_1_7' title="bbox 412 1355 1618 1440; baseline 0.004 -21"><span class='ocrx_word' id='word_1_48' title='bbox 412 1377 485 1440; x_wconf 73' lang='lat' dir='ltr'>quae</span> <span class='ocrx_word' id='word_1_49' title='bbox 499 1357 653 1420; x_wconf 80' lang='lat' dir='ltr'>videntur</span> <span class='ocrx_word' id='word_1_50' title='bbox 667 1355 858 1439; x_wconf 84' lang='lat' dir='ltr'>temporalia</span> <span class='ocrx_word' id='word_1_51' title='bbox 881 1362 960 1418; x_wconf 89' lang='lat' dir='ltr'>sunt</span> <span class='ocrx_word' id='word_1_52' title='bbox 974 1404 982 1417; x_wconf 89' lang='lat'><strong>.</strong></span> <span class='ocrx_word' id='word_1_53' title='bbox 998 1375 1071 1438; x_wconf 76' lang='lat' dir='ltr'>quae</span> <span class='ocrx_word' id='word_1_54' title='bbox 1093 1362 1203 1418; x_wconf 90' lang='lat' dir='ltr'>autem</span> <span class='ocrx_word' id='word_1_55' title='bbox 1226 1374 1291 1417; x_wconf 91' lang='lat' dir='ltr'>non</span> <span class='ocrx_word' id='word_1_56' title='bbox 1313 1355 1467 1420; x_wconf 72' lang='lat' dir='ltr'>sidentur</span> <span class='ocrx_word' id='word_1_57' title='bbox 1481 1355 1618 1425; x_wconf 48' lang='lat' dir='ltr'>erema&amp;</span> 
     </span>
    </p>

    <p class='ocr_par' dir='ltr' id='par_1_6' title="bbox 414 1453 1618 1538">
     <span class='ocr_line' id='line_1_8' title="bbox 414 1453 1618 1538; baseline 0.002 -19"><span class='ocrx_word' id='word_1_58' title='bbox 414 1455 539 1520; x_wconf 83' lang='lat' dir='ltr'>Idcirco</span> <span class='ocrx_word' id='word_1_59' title='bbox 554 1455 716 1538; x_wconf 89' lang='lat' dir='ltr'>superflua</span> <span class='ocrx_word' id='word_1_60' title='bbox 732 1454 901 1518; x_wconf 87' lang='lat' dir='ltr'>utentibus</span> <span class='ocrx_word' id='word_1_61' title='bbox 923 1453 1044 1517; x_wconf 73' lang='lat' dir='ltr'>‹lirinis</span> <span class='ocrx_word' id='word_1_62' title='bbox 1067 1473 1173 1517; x_wconf 88' lang='lat' dir='ltr'>sermo</span> <span class='ocrx_word' id='word_1_63' title='bbox 1196 1459 1233 1516; x_wconf 89' lang='lat' dir='ltr'>ut</span> <span class='ocrx_word' id='word_1_64' title='bbox 1255 1473 1353 1537; x_wconf 88' lang='lat' dir='ltr'>supra</span> <span class='ocrx_word' id='word_1_65' title='bbox 1367 1455 1471 1519; x_wconf 86' lang='lat' dir='ltr'>taxati</span> <span class='ocrx_word' id='word_1_66' title='bbox 1485 1476 1618 1521; x_wconf 88' lang='lat' dir='ltr'>sumus.</span> 
     </span>
    </p>
   </div>
   <div class='ocr_carea' id='block_1_4' title="bbox 233 1553 1620 1641">
    <p class='ocr_par' dir='ltr' id='par_1_7' title="bbox 233 1553 1620 1641">
     <span class='ocr_line' id='line_1_9' title="bbox 233 1553 1620 1641; baseline 0.003 -23"><span class='ocrx_word' id='word_1_67' title='bbox 233 1627 239 1638; x_wconf 28' lang='lat'>¹</span> <span class='ocrx_word' id='word_1_68' title='bbox 314 1609 318 1615; x_wconf 94' lang='lat'>.</span> <span class='ocrx_word' id='word_1_69' title='bbox 413 1553 601 1620; x_wconf 85' lang='lat' dir='ltr'>terribiliter</span> <span class='ocrx_word' id='word_1_70' title='bbox 615 1561 784 1638; x_wconf 88' lang='lat' dir='ltr'>premonet</span> <span class='ocrx_word' id='word_1_71' title='bbox 795 1560 833 1617; x_wconf 89' lang='lat' dir='ltr'>nt</span> <span class='ocrx_word' id='word_1_72' title='bbox 847 1553 946 1636; x_wconf 91' lang='lat' dir='ltr'>hujus</span> <span class='ocrx_word' id='word_1_73' title='bbox 957 1553 1058 1617; x_wconf 88' lang='lat' dir='ltr'>seculi</span> <span class='ocrx_word' id='word_1_74' title='bbox 1074 1553 1196 1617; x_wconf 89' lang='lat' dir='ltr'>caduca</span> <span class='ocrx_word' id='word_1_75' title='bbox 1210 1561 1476 1639; x_wconf 78' lang='lat' dir='ltr'>contempnentes</span> <span class='ocrx_word' id='word_1_76' title='bbox 1490 1557 1620 1641; x_wconf 86' lang='lat' dir='ltr'>spirita·</span> 
     </span>
    </p>
   </div>
   <div class='ocr_carea' id='block_1_5' title="bbox 413 1651 1621 1934">
    <p class='ocr_par' dir='ltr' id='par_1_8' title="bbox 413 1651 1621 1934">
     <span class='ocr_line' id='line_1_10' title="bbox 413 1651 1271 1737; baseline -0.002 -19"><span class='ocrx_word' id='word_1_77' title='bbox 413 1655 522 1737; x_wconf 91' lang='lat' dir='ltr'>liaque</span> <span class='ocrx_word' id='word_1_78' title='bbox 537 1654 703 1716; x_wconf 74' lang='lat' dir='ltr'>imitantes</span> <span class='ocrx_word' id='word_1_79' title='bbox 717 1651 861 1716; x_wconf 80' lang='lat' dir='ltr'>ooelestia</span> <span class='ocrx_word' id='word_1_80' title='bbox 876 1673 1083 1735; x_wconf 80' lang='lat' dir='ltr'>properemus</span> <span class='ocrx_word' id='word_1_81' title='bbox 1098 1651 1140 1716; x_wconf 89' lang='lat' dir='ltr'>ad</span> <span class='ocrx_word' id='word_1_82' title='bbox 1153 1671 1271 1736; x_wconf 81' lang='lat' dir='ltr'>regna.</span> 
     </span>
     <span class='ocr_line' id='line_1_11' title="bbox 457 1748 1621 1834; baseline 0.003 -19"><span class='ocrx_word' id='word_1_83' title='bbox 457 1751 673 1829; x_wconf 86' lang='lat' dir='ltr'>Quamobrem</span> <span class='ocrx_word' id='word_1_84' title='bbox 689 1769 748 1833; x_wconf 87' lang='lat' dir='ltr'>ego</span> <span class='ocrx_word' id='word_1_85' title='bbox 759 1749 994 1834; x_wconf 69' lang='lat' dir='ltr'>AEbmmts</span> <span class='ocrx_word' id='word_1_86' title='bbox 1008 1799 1016 1813; x_wconf 93' lang='lat'><strong>.</strong></span> <span class='ocrx_word' id='word_1_87' title='bbox 1029 1748 1188 1813; x_wconf 89' lang='lat' dir='ltr'>desiderio</span> <span class='ocrx_word' id='word_1_88' title='bbox 1204 1750 1294 1833; x_wconf 84' lang='lat' dir='ltr'>regui</span> <span class='ocrx_word' id='word_1_89' title='bbox 1309 1751 1448 1816; x_wconf 82' lang='lat' dir='ltr'>coelestis</span> <span class='ocrx_word' id='word_1_90' title='bbox 1461 1752 1621 1819; x_wconf 77' lang='lat' dir='ltr'>exardens</span> 
     </span>
     <span class='ocr_line' id='line_1_12' title="bbox 413 1847 1620 1934; baseline 0.001 -19"><span class='ocrx_word' id='word_1_91' title='bbox 413 1851 543 1916; x_wconf 86' lang='lat' dir='ltr'>invente</span> <span class='ocrx_word' id='word_1_92' title='bbox 558 1869 697 1934; x_wconf 90' lang='lat' dir='ltr'>superno</span> <span class='ocrx_word' id='word_1_93' title='bbox 712 1849 847 1912; x_wconf 87' lang='lat' dir='ltr'>nurnine</span> <span class='ocrx_word' id='word_1_94' title='bbox 861 1847 1016 1911; x_wconf 82' lang='lat' dir='ltr'>basileus²</span> <span class='ocrx_word' id='word_1_95' title='bbox 1031 1847 1212 1911; x_wconf 89' lang='lat' dir='ltr'>industrius</span> <span class='ocrx_word' id='word_1_96' title='bbox 1223 1848 1404 1933; x_wconf 83' lang='lat' dir='ltr'>Anglorum</span> <span class='ocrx_word' id='word_1_97' title='bbox 1415 1859 1620 1916; x_wconf 84' lang='lat' dir='ltr'>cunctarum·</span> 
     </span>
    </p>
   </div>
   <div class='ocr_carea' id='block_1_6' title="bbox 296 1945 1621 2033">
    <p class='ocr_par' dir='ltr' id='par_1_9' title="bbox 296 1945 1621 2033">
     <span class='ocr_line' id='line_1_13' title="bbox 296 1945 1621 2033; baseline 0.004 -22"><span class='ocrx_word' id='word_1_98' title='bbox 296 1988 299 1994; x_wconf 75' lang='lat'><em>,</em></span> <span class='ocrx_word' id='word_1_99' title='bbox 409 1971 474 2033; x_wconf 88' lang='lat' dir='ltr'>qne</span> <span class='ocrx_word' id='word_1_100' title='bbox 488 1949 635 2033; x_wconf 83' lang='lat' dir='ltr'>gentium</span> <span class='ocrx_word' id='word_1_101' title='bbox 650 1947 840 2011; x_wconf 89' lang='lat' dir='ltr'>incircuitu</span> <span class='ocrx_word' id='word_1_102' title='bbox 862 1946 1108 2030; x_wconf 79' lang='lat' dir='ltr'>persistentium</span> <span class='ocrx_word' id='word_1_103' title='bbox 1132 1945 1262 2009; x_wconf 92' lang='lat' dir='ltr'>cuidam</span> <span class='ocrx_word' id='word_1_104' title='bbox 1278 1947 1429 2030; x_wconf 82' lang='lat' dir='ltr'>adoptivo</span> <span class='ocrx_word' id='word_1_105' title='bbox 1444 1949 1533 2013; x_wconf 90' lang='lat' dir='ltr'>fideli</span> <span class='ocrx_word' id='word_1_106' title='bbox 1548 1971 1621 2016; x_wconf 88' lang='lat' dir='ltr'>meo</span> 
     </span>
    </p>
   </div>
   <div class='ocr_carea' id='block_1_7' title="bbox 350 2043 1624 2827">
    <p class='ocr_par' dir='ltr' id='par_1_10' title="bbox 350 2043 1624 2827">
     <span class='ocr_line' id='line_1_14' title="bbox 412 2043 1621 2132; baseline 0.001 -20"><span class='ocrx_word' id='word_1_107' title='bbox 412 2048 562 2112; x_wconf 87' lang='lat' dir='ltr'>ministro</span> <span class='ocrx_word' id='word_1_108' title='bbox 581 2043 743 2132; x_wconf 70' lang='lat' dir='ltr'>AEbrunirn</span> <span class='ocrx_word' id='word_1_109' title='bbox 759 2045 903 2108; x_wconf 85' lang='lat' dir='ltr'>vocitato</span> <span class='ocrx_word' id='word_1_110' title='bbox 918 2044 961 2107; x_wconf 90' lang='lat' dir='ltr'>ob</span> <span class='ocrx_word' id='word_1_111' title='bbox 982 2043 1073 2108; x_wconf 89' lang='lat' dir='ltr'>illius</span> <span class='ocrx_word' id='word_1_112' title='bbox 1095 2045 1234 2109; x_wconf 78' lang='lat' dir='ltr'>amabile</span> <span class='ocrx_word' id='word_1_113' title='bbox 1256 2045 1445 2129; x_wconf 88' lang='lat' dir='ltr'>obsequium</span> <span class='ocrx_word' id='word_1_114' title='bbox 1467 2046 1621 2131; x_wconf 79' lang='lat' dir='ltr'>dignatus</span> 
     </span>
     <span class='ocr_line' id='line_1_15' title="bbox 411 2142 1621 2229; baseline 0 -18"><span class='ocrx_word' id='word_1_115' title='bbox 411 2167 484 2211; x_wconf 93' lang='lat' dir='ltr'>sum</span> <span class='ocrx_word' id='word_1_116' title='bbox 499 2145 609 2229; x_wconf 86' lang='lat' dir='ltr'>largiri</span> <span class='ocrx_word' id='word_1_117' title='bbox 624 2195 632 2210; x_wconf 89' lang='lat'><strong>.</strong></span> <span class='ocrx_word' id='word_1_118' title='bbox 648 2161 670 2207; x_wconf 81' lang='lat' dir='ltr'>v</span> <span class='ocrx_word' id='word_1_119' title='bbox 685 2195 693 2209; x_wconf 91' lang='lat'><strong>.</strong></span> <span class='ocrx_word' id='word_1_120' title='bbox 708 2164 838 2207; x_wconf 90' lang='lat' dir='ltr'>mansas</span> <span class='ocrx_word' id='word_1_121' title='bbox 854 2142 988 2227; x_wconf 70' lang='lat' dir='ltr'>{agelluli</span> <span class='ocrx_word' id='word_1_122' title='bbox 1003 2193 1011 2207; x_wconf 94' lang='lat'><strong>.</strong></span> <span class='ocrx_word' id='word_1_123' title='bbox 1027 2143 1147 2206; x_wconf 87' lang='lat' dir='ltr'>ibidem</span> <span class='ocrx_word' id='word_1_124' title='bbox 1169 2142 1227 2206; x_wconf 90' lang='lat' dir='ltr'>ubi</span> <span class='ocrx_word' id='word_1_125' title='bbox 1243 2142 1390 2226; x_wconf 80' lang='lat' dir='ltr'>vulgares</span> <span class='ocrx_word' id='word_1_126' title='bbox 1404 2145 1510 2227; x_wconf 89' lang='lat' dir='ltr'>prisco</span> <span class='ocrx_word' id='word_1_127' title='bbox 1531 2167 1621 2212; x_wconf 84' lang='lat' dir='ltr'>more</span> 
     </span>
     <span class='ocr_line' id='line_1_16' title="bbox 350 2242 1621 2328; baseline 0.002 -20"><span class='ocrx_word' id='word_1_128' title='bbox 350 2310 352 2315; x_wconf 78' lang='grc'>,</span> <span class='ocrx_word' id='word_1_129' title='bbox 412 2245 589 2328; x_wconf 89' lang='lat' dir='ltr'>mobilique</span> <span class='ocrx_word' id='word_1_130' title='bbox 610 2243 767 2307; x_wconf 80' lang='lat' dir='ltr'>relatione</span> <span class='ocrx_word' id='word_1_131' title='bbox 789 2242 937 2305; x_wconf 76' lang='lat' dir='ltr'>vocitant</span> <span class='ocrx_word' id='word_1_132' title='bbox 958 2257 1033 2306; x_wconf 71' lang='grc' dir='ltr'>,ιετ</span> <span class='ocrx_word' id='word_1_133' title='bbox 1059 2242 1218 2305; x_wconf 73' lang='lat' dir='ltr'>Rrsrruurt</span> <span class='ocrx_word' id='word_1_134' title='bbox 1239 2292 1246 2306; x_wconf 92' lang='lat'><em>.</em></span> <span class='ocrx_word' id='word_1_135' title='bbox 1269 2249 1303 2307; x_wconf 88' lang='lat' dir='ltr'>et</span> <span class='ocrx_word' id='word_1_136' title='bbox 1320 2243 1416 2325; x_wconf 84' lang='lat' dir='ltr'>juxta</span> <span class='ocrx_word' id='word_1_137' title='bbox 1437 2243 1621 2311; x_wconf 80' lang='lat' dir='ltr'>dirivatlvis</span> 
     </span>
     <span class='ocr_line' id='line_1_17' title="bbox 412 2337 1621 2430; baseline 0.001 -23"><span class='ocrx_word' id='word_1_138' title='bbox 412 2343 585 2408; x_wconf 85' lang='lat' dir='ltr'>fluentium</span> <span class='ocrx_word' id='word_1_139' title='bbox 600 2342 801 2430; x_wconf 81' lang='lat' dir='ltr'>successibus</span> <span class='ocrx_word' id='word_1_140' title='bbox 818 2390 826 2406; x_wconf 93' lang='lat'><strong>.</strong></span> <span class='ocrx_word' id='word_1_141' title='bbox 843 2337 999 2404; x_wconf 79' lang='lat' dir='ltr'>Hrsnndc</span> <span class='ocrx_word' id='word_1_142' title='bbox 1014 2391 1021 2403; x_wconf 94' lang='lat'>.</span> <span class='ocrx_word' id='word_1_143' title='bbox 1037 2360 1111 2404; x_wconf 89' lang='lat' dir='ltr'>cum</span> <span class='ocrx_word' id='word_1_144' title='bbox 1126 2340 1303 2424; x_wconf 78' lang='lat' dir='ltr'>pratibus⁸.</span> <span class='ocrx_word' id='word_1_145' title='bbox 1320 2341 1533 2426; x_wconf 87' lang='lat' dir='ltr'>Pascuisque.</span> <span class='ocrx_word' id='word_1_146' title='bbox 1546 2363 1621 2408; x_wconf 86' lang='lat' dir='ltr'>nec·</span> 
     </span>
     <span class='ocr_line' id='line_1_18' title="bbox 402 2440 1623 2530; baseline -0.002 -18"><span class='ocrx_word' id='word_1_147' title='bbox 402 2440 478 2512; x_wconf 84' lang='lat' dir='ltr'>&#39;non</span> <span class='ocrx_word' id='word_1_148' title='bbox 495 2453 530 2511; x_wconf 91' lang='lat' dir='ltr'>et</span> <span class='ocrx_word' id='word_1_149' title='bbox 545 2446 659 2510; x_wconf 86' lang='lat' dir='ltr'>Silvis.</span> <span class='ocrx_word' id='word_1_150' title='bbox 673 2443 902 2526; x_wconf 78' lang='lat' dir='ltr'>Silvarumque</span> <span class='ocrx_word' id='word_1_151' title='bbox 916 2443 1133 2507; x_wconf 85' lang='lat' dir='ltr'>densitatibus</span> <span class='ocrx_word' id='word_1_152' title='bbox 1144 2493 1151 2505; x_wconf 92' lang='lat'><strong>.</strong></span> <span class='ocrx_word' id='word_1_153' title='bbox 1162 2449 1200 2506; x_wconf 93' lang='lat' dir='ltr'>ut</span> <span class='ocrx_word' id='word_1_154' title='bbox 1215 2442 1284 2519; x_wconf 74' lang='lat' dir='ltr'>haec</span> <span class='ocrx_word' id='word_1_155' title='bbox 1299 2464 1447 2528; x_wconf 83' lang='lat' dir='ltr'>prospere</span> <span class='ocrx_word' id='word_1_156' title='bbox 1458 2445 1623 2530; x_wconf 84' lang='lat' dir='ltr'>possideat</span> 
     </span>
     <span class='ocr_line' id='line_1_19' title="bbox 363 2544 1621 2628; baseline 0.002 -16"><span class='ocrx_word' id='word_1_157' title='bbox 363 2549 366 2553; x_wconf 75' lang='grc'><em>’</em></span> <span class='ocrx_word' id='word_1_158' title='bbox 413 2569 452 2612; x_wconf 88' lang='lat' dir='ltr'>ac</span> <span class='ocrx_word' id='word_1_159' title='bbox 468 2546 663 2611; x_wconf 75' lang='lat' dir='ltr'>aeternaliter</span> <span class='ocrx_word' id='word_1_160' title='bbox 677 2544 895 2610; x_wconf 85' lang='lat' dir='ltr'>teneat.dnm</span> <span class='ocrx_word' id='word_1_161' title='bbox 917 2545 1016 2627; x_wconf 91' lang='lat' dir='ltr'>hujus</span> <span class='ocrx_word' id='word_1_162' title='bbox 1037 2544 1101 2609; x_wconf 70' lang='lat' dir='ltr'>resi</span> <span class='ocrx_word' id='word_1_163' title='bbox 1120 2544 1244 2628; x_wconf 80' lang='lat' dir='ltr'>fragilis</span> <span class='ocrx_word' id='word_1_164' title='bbox 1259 2566 1387 2609; x_wconf 88' lang='lat' dir='ltr'>cursum</span> <span class='ocrx_word' id='word_1_165' title='bbox 1402 2547 1452 2610; x_wconf 87' lang='lat' dir='ltr'>nti</span> <span class='ocrx_word' id='word_1_166' title='bbox 1467 2548 1621 2616; x_wconf 85' lang='lat' dir='ltr'>audebit.</span> 
     </span>
     <span class='ocr_line' id='line_1_20' title="bbox 414 2642 1623 2730; baseline 0.002 -21"><span class='ocrx_word' id='word_1_167' title='bbox 414 2654 488 2730; x_wconf 89' lang='lat' dir='ltr'>post</span> <span class='ocrx_word' id='word_1_168' title='bbox 513 2666 548 2709; x_wconf 90' lang='lat' dir='ltr'>se</span> <span class='ocrx_word' id='word_1_169' title='bbox 577 2651 686 2708; x_wconf 90' lang='lat' dir='ltr'>autem</span> <span class='ocrx_word' id='word_1_170' title='bbox 717 2643 820 2707; x_wconf 81' lang='lat' dir='ltr'>veluti</span> <span class='ocrx_word' id='word_1_171' title='bbox 858 2642 1093 2707; x_wconf 76' lang='lat' dir='ltr'>affirmavimus</span> <span class='ocrx_word' id='word_1_172' title='bbox 1130 2644 1312 2727; x_wconf 83' lang='lat' dir='ltr'>cuicunque</span> <span class='ocrx_word' id='word_1_173' title='bbox 1341 2644 1482 2709; x_wconf 78' lang='lat' dir='ltr'>uoluerit</span> <span class='ocrx_word' id='word_1_174' title='bbox 1510 2645 1623 2712; x_wconf 88' lang='lat' dir='ltr'>heredi</span> 
     </span>
     <span class='ocr_line' id='line_1_21' title="bbox 414 2741 1624 2827; baseline 0.002 -19"><span class='ocrx_word' id='word_1_175' title='bbox 414 2744 620 2827; x_wconf 89' lang='lat' dir='ltr'>derelinquat</span> <span class='ocrx_word' id='word_1_176' title='bbox 646 2791 654 2805; x_wconf 91' lang='lat'><strong>.</strong></span> <span class='ocrx_word' id='word_1_177' title='bbox 681 2742 741 2806; x_wconf 69' lang='lat' dir='ltr'>cen</span> <span class='ocrx_word' id='word_1_178' title='bbox 772 2741 1015 2824; x_wconf 77' lang='lat' dir='ltr'>supradiximus</span> <span class='ocrx_word' id='word_1_179' title='bbox 1044 2742 1079 2804; x_wconf 91' lang='lat' dir='ltr'>in</span> <span class='ocrx_word' id='word_1_180' title='bbox 1105 2749 1260 2806; x_wconf 65' lang='lat' dir='ltr'>aeternam</span> <span class='ocrx_word' id='word_1_181' title='bbox 1283 2742 1525 2809; x_wconf 89' lang='lat' dir='ltr'>hereditatem.</span> <span class='ocrx_word' id='word_1_182' title='bbox 1548 2746 1624 2811; x_wconf 86' lang='lat' dir='ltr'>Fiat</span> 
     </span>
    </p>
   </div>
   <div class='ocr_carea' id='block_1_8' title="bbox 248 2839 1624 2933">
    <p class='ocr_par' dir='ltr' id='par_1_11' title="bbox 248 2839 1624 2933">
     <span class='ocr_line' id='line_1_22' title="bbox 248 2839 1624 2933; baseline 0.004 -29"><span class='ocrx_word' id='word_1_183' title='bbox 248 2841 257 2878; x_wconf 64' lang='lat'>³</span> <span class='ocrx_word' id='word_1_184' title='bbox 281 2891 293 2933; x_wconf 18' lang='grc' dir='ltr'>,ἱ</span> <span class='ocrx_word' id='word_1_185' title='bbox 415 2843 537 2909; x_wconf 85' lang='lat' dir='ltr'>etenim</span> <span class='ocrx_word' id='word_1_186' title='bbox 553 2841 678 2925; x_wconf 84' lang='lat' dir='ltr'>prelata</span> <span class='ocrx_word' id='word_1_187' title='bbox 693 2848 780 2905; x_wconf 86' lang='lat' dir='ltr'>terra</span> <span class='ocrx_word' id='word_1_188' title='bbox 794 2840 836 2903; x_wconf 90' lang='lat' dir='ltr'>ab</span> <span class='ocrx_word' id='word_1_189' title='bbox 850 2840 941 2903; x_wconf 90' lang='lat' dir='ltr'>omni</span> <span class='ocrx_word' id='word_1_190' title='bbox 963 2839 1073 2904; x_wconf 79' lang='lat' dir='ltr'>servili</span> <span class='ocrx_word' id='word_1_191' title='bbox 1092 2840 1172 2924; x_wconf 82' lang='lat' dir='ltr'>jugo</span> <span class='ocrx_word' id='word_1_192' title='bbox 1186 2840 1289 2904; x_wconf 88' lang='lat' dir='ltr'>libera</span> <span class='ocrx_word' id='word_1_193' title='bbox 1304 2862 1377 2905; x_wconf 91' lang='lat' dir='ltr'>cnm</span> <span class='ocrx_word' id='word_1_194' title='bbox 1392 2842 1544 2908; x_wconf 90' lang='lat' dir='ltr'>omnibus</span> <span class='ocrx_word' id='word_1_195' title='bbox 1559 2844 1624 2909; x_wconf 86' lang='lat' dir='ltr'>sibi</span> 
     </span>
    </p>
   </div>
   <div class='ocr_carea' id='block_1_9' title="bbox 413 2937 1627 4212">
    <p class='ocr_par' dir='ltr' id='par_1_12' title="bbox 413 2937 1625 3105">
     <span class='ocr_line' id='line_1_23' title="bbox 413 2937 1625 3025; baseline -0.001 -18"><span class='ocrx_word' id='word_1_196' title='bbox 413 2944 477 3007; x_wconf 84' lang='lat' dir='ltr'>rite</span> <span class='ocrx_word' id='word_1_197' title='bbox 492 2940 730 3025; x_wconf 87' lang='lat' dir='ltr'>pertinentibus</span> <span class='ocrx_word' id='word_1_198' title='bbox 745 2989 753 3002; x_wconf 91' lang='lat'><em>.</em></span> <span class='ocrx_word' id='word_1_199' title='bbox 769 2937 916 3022; x_wconf 83' lang='lat' dir='ltr'>exceptis</span> <span class='ocrx_word' id='word_1_200' title='bbox 937 2937 990 3002; x_wconf 89' lang='lat' dir='ltr'>his</span> <span class='ocrx_word' id='word_1_201' title='bbox 1012 2938 1118 3002; x_wconf 89' lang='lat' dir='ltr'>tribus</span> <span class='ocrx_word' id='word_1_202' title='bbox 1139 2938 1346 3022; x_wconf 85' lang='lat' dir='ltr'>expeditione</span> <span class='ocrx_word' id='word_1_203' title='bbox 1366 2939 1476 3024; x_wconf 87' lang='lat' dir='ltr'>pontis</span> <span class='ocrx_word' id='word_1_204' title='bbox 1498 2941 1625 3008; x_wconf 86' lang='lat' dir='ltr'>arcisve</span> 
     </span>
     <span class='ocr_line' id='line_1_24' title="bbox 415 3038 1154 3105; baseline 0 0"><span class='ocrx_word' id='word_1_205' title='bbox 415 3038 673 3105; x_wconf 83' lang='lat' dir='ltr'>cdedificatione.</span> <span class='ocrx_word' id='word_1_206' title='bbox 1149 3066 1154 3073; x_wconf 91' lang='lat'><strong>·</strong></span> 
     </span>
    </p>

    <p class='ocr_par' dir='ltr' id='par_1_13' title="bbox 414 3134 1625 3700">
     <span class='ocr_line' id='line_1_25' title="bbox 456 3134 1624 3221; baseline 0.002 -19"><span class='ocrx_word' id='word_1_207' title='bbox 456 3138 609 3221; x_wconf 91' lang='lat' dir='ltr'>Denique</span> <span class='ocrx_word' id='word_1_208' title='bbox 632 3156 707 3201; x_wconf 80' lang='lat' dir='ltr'>veru</span> <span class='ocrx_word' id='word_1_209' title='bbox 722 3134 841 3219; x_wconf 88' lang='lat' dir='ltr'>siquis</span> <span class='ocrx_word' id='word_1_210' title='bbox 863 3134 958 3198; x_wconf 89' lang='lat' dir='ltr'>nobis</span> <span class='ocrx_word' id='word_1_211' title='bbox 979 3156 1046 3198; x_wconf 89' lang='lat' dir='ltr'>non</span> <span class='ocrx_word' id='word_1_212' title='bbox 1060 3135 1249 3219; x_wconf 85' lang='lat' dir='ltr'>optantibus</span> <span class='ocrx_word' id='word_1_213' title='bbox 1264 3142 1411 3200; x_wconf 89' lang='lat' dir='ltr'>nostrum</span> <span class='ocrx_word' id='word_1_214' title='bbox 1423 3135 1487 3201; x_wconf 91' lang='lat' dir='ltr'>hoc</span> <span class='ocrx_word' id='word_1_215' title='bbox 1500 3136 1624 3204; x_wconf 89' lang='lat' dir='ltr'>donum</span> 
     </span>
     <span class='ocr_line' id='line_1_26' title="bbox 414 3232 1625 3317; baseline 0.003 -16"><span class='ocrx_word' id='word_1_216' title='bbox 414 3236 531 3301; x_wconf 74' lang='lat' dir='ltr'>violari</span> <span class='ocrx_word' id='word_1_217' title='bbox 553 3233 777 3299; x_wconf 84' lang='lat' dir='ltr'>fraudulenter</span> <span class='ocrx_word' id='word_1_218' title='bbox 800 3232 1017 3317; x_wconf 85' lang='lat' dir='ltr'>perpetrando</span> <span class='ocrx_word' id='word_1_219' title='bbox 1039 3235 1258 3298; x_wconf 81' lang='lat' dir='ltr'>consenserit!</span> <span class='ocrx_word' id='word_1_220' title='bbox 1281 3235 1468 3300; x_wconf 85' lang='lat' dir='ltr'>Consideret</span> <span class='ocrx_word' id='word_1_221' title='bbox 1489 3236 1567 3303; x_wconf 86' lang='lat' dir='ltr'>hinc</span> <span class='ocrx_word' id='word_1_222' title='bbox 1588 3260 1625 3305; x_wconf 83' lang='lat' dir='ltr'>se</span> 
     </span>
     <span class='ocr_line' id='line_1_27' title="bbox 415 3332 1625 3419; baseline 0 -17"><span class='ocrx_word' id='word_1_223' title='bbox 415 3337 469 3402; x_wconf 92' lang='lat' dir='ltr'>dic</span> <span class='ocrx_word' id='word_1_224' title='bbox 496 3337 614 3400; x_wconf 86' lang='lat' dir='ltr'>ultima</span> <span class='ocrx_word' id='word_1_225' title='bbox 635 3334 752 3418; x_wconf 89' lang='lat' dir='ltr'>judicii</span> <span class='ocrx_word' id='word_1_226' title='bbox 778 3353 887 3397; x_wconf 85' lang='lat' dir='ltr'>coram</span> <span class='ocrx_word' id='word_1_227' title='bbox 916 3333 988 3397; x_wconf 91' lang='lat' dir='ltr'>Deo</span> <span class='ocrx_word' id='word_1_228' title='bbox 1016 3332 1175 3396; x_wconf 89' lang='lat' dir='ltr'>rationem</span> <span class='ocrx_word' id='word_1_229' title='bbox 1198 3333 1399 3397; x_wconf 85' lang='lat' dir='ltr'>redditurum</span> <span class='ocrx_word' id='word_1_230' title='bbox 1423 3342 1522 3419; x_wconf 88' lang='lat' dir='ltr'>atque</span> <span class='ocrx_word' id='word_1_231' title='bbox 1548 3357 1625 3402; x_wconf 87' lang='lat' dir='ltr'>cnm</span> 
     </span>
     <span class='ocr_line' id='line_1_28' title="bbox 417 3432 1624 3521; baseline 0 -20"><span class='ocrx_word' id='word_1_232' title='bbox 417 3437 562 3521; x_wconf 85' lang='lat' dir='ltr'>reprobis</span> <span class='ocrx_word' id='word_1_233' title='bbox 591 3436 710 3519; x_wconf 90' lang='lat' dir='ltr'>quibus</span> <span class='ocrx_word' id='word_1_234' title='bbox 738 3433 860 3497; x_wconf 90' lang='lat' dir='ltr'>dicitur</span> <span class='ocrx_word' id='word_1_235' title='bbox 880 3483 889 3498; x_wconf 90' lang='lat'><strong><em>.</em></strong></span> <span class='ocrx_word' id='word_1_236' title='bbox 907 3432 1115 3497; x_wconf 79' lang='lat' dir='ltr'>“Discedite⁴</span> <span class='ocrx_word' id='word_1_237' title='bbox 1144 3453 1164 3495; x_wconf 84' lang='lat' dir='ltr'>a</span> <span class='ocrx_word' id='word_1_238' title='bbox 1187 3453 1240 3497; x_wconf 93' lang='lat' dir='ltr'>me</span> <span class='ocrx_word' id='word_1_239' title='bbox 1266 3432 1430 3496; x_wconf 88' lang='lat' dir='ltr'>maledicti</span> <span class='ocrx_word' id='word_1_240' title='bbox 1453 3433 1488 3497; x_wconf 89' lang='lat' dir='ltr'>in</span> <span class='ocrx_word' id='word_1_241' title='bbox 1514 3435 1624 3520; x_wconf 80' lang='lat' dir='ltr'>ignem</span> 
     </span>
     <span class='ocr_line' id='line_1_29' title="bbox 417 3531 1625 3619; baseline -0.002 -17"><span class='ocrx_word' id='word_1_242' title='bbox 417 3536 601 3602; x_wconf 86' lang='lat' dir='ltr'>aetemum”.</span> <span class='ocrx_word' id='word_1_243' title='bbox 615 3534 710 3619; x_wconf 91' lang='lat' dir='ltr'>penis</span> <span class='ocrx_word' id='word_1_244' title='bbox 725 3532 891 3597; x_wconf 72' lang='lat' dir='ltr'>atrocibus</span> <span class='ocrx_word' id='word_1_245' title='bbox 905 3552 941 3597; x_wconf 89' lang='lat' dir='ltr'>se</span> <span class='ocrx_word' id='word_1_246' title='bbox 963 3552 1033 3596; x_wconf 88' lang='lat' dir='ltr'>esse</span> <span class='ocrx_word' id='word_1_247' title='bbox 1054 3551 1225 3615; x_wconf 87' lang='lat' dir='ltr'>passurum</span> <span class='ocrx_word' id='word_1_248' title='bbox 1240 3531 1269 3596; x_wconf 90' lang='lat' dir='ltr'>si</span> <span class='ocrx_word' id='word_1_249' title='bbox 1283 3552 1349 3596; x_wconf 88' lang='lat' dir='ltr'>non</span> <span class='ocrx_word' id='word_1_250' title='bbox 1363 3531 1459 3596; x_wconf 76' lang='lat' dir='ltr'>tntea</span> <span class='ocrx_word' id='word_1_251' title='bbox 1473 3553 1625 3617; x_wconf 84' lang='lat' dir='ltr'>corporea</span> 
     </span>
     <span class='ocr_line' id='line_1_30' title="bbox 416 3630 904 3700; baseline -0.006 -2"><span class='ocrx_word' id='word_1_252' title='bbox 416 3634 648 3700; x_wconf 89' lang='lat' dir='ltr'>lamentatione</span> <span class='ocrx_word' id='word_1_253' title='bbox 662 3630 904 3696; x_wconf 84' lang='lat' dir='ltr'>emendaverit.</span> 
     </span>
    </p>

    <p class='ocr_par' dir='ltr' id='par_1_14' title="bbox 462 3728 1521 3813">
     <span class='ocr_line' id='line_1_31' title="bbox 462 3728 1521 3813; baseline -0.001 -15"><span class='ocrx_word' id='word_1_254' title='bbox 462 3734 541 3798; x_wconf 89' lang='lat' dir='ltr'>Istis</span> <span class='ocrx_word' id='word_1_255' title='bbox 556 3731 764 3797; x_wconf 75' lang='lat' dir='ltr'>terminibus⁶</span> <span class='ocrx_word' id='word_1_256' title='bbox 777 3729 924 3813; x_wconf 82' lang='lat' dir='ltr'>predicta</span> <span class='ocrx_word' id='word_1_257' title='bbox 939 3734 1025 3792; x_wconf 83' lang='lat' dir='ltr'>terra</span> <span class='ocrx_word' id='word_1_258' title='bbox 1040 3728 1277 3811; x_wconf 62' lang='lat' dir='ltr'>circumgyrato</span> <span class='ocrx_word' id='word_1_259' title='bbox 1291 3745 1360 3794; x_wconf 88' lang='lat' dir='ltr'>esse</span> <span class='ocrx_word' id='word_1_260' title='bbox 1374 3729 1521 3797; x_wconf 84' lang='lat' dir='ltr'>videtur.</span> 
     </span>
    </p>

    <p class='ocr_par' dir='ltr' id='par_1_15' title="bbox 416 3828 1627 4212">
     <span class='ocr_line' id='line_1_32' title="bbox 463 3828 1627 3917; baseline -0.003 -20"><span class='ocrx_word' id='word_1_261' title='bbox 463 3831 528 3896; x_wconf 86' lang='lat' dir='ltr'>Dis</span> <span class='ocrx_word' id='word_1_262' title='bbox 550 3831 678 3916; x_wconf 73' lang='lat' dir='ltr'>syndon</span> <span class='ocrx_word' id='word_1_263' title='bbox 705 3834 760 3914; x_wconf 74' lang='lat' dir='ltr'>bes</span> <span class='ocrx_word' id='word_1_264' title='bbox 787 3828 901 3892; x_wconf 88' lang='lat' dir='ltr'>landes</span> <span class='ocrx_word' id='word_1_265' title='bbox 924 3848 964 3911; x_wconf 81' lang='lat' dir='ltr'>ge</span> <span class='ocrx_word' id='word_1_266' title='bbox 984 3848 1083 3892; x_wconf 82' lang='lat' dir='ltr'>meere</span> <span class='ocrx_word' id='word_1_267' title='bbox 1109 3834 1152 3892; x_wconf 87' lang='lat' dir='ltr'>set</span> <span class='ocrx_word' id='word_1_268' title='bbox 1176 3828 1550 3896; x_wconf 76' lang='lat' dir='ltr'>R1ttruun.AErestdl</span> <span class='ocrx_word' id='word_1_269' title='bbox 1569 3831 1627 3917; x_wconf 85' lang='lat' dir='ltr'>hig</span> 
     </span>
     <span class='ocr_line' id='line_1_33' title="bbox 416 3926 1625 4017; baseline 0 -22"><span class='ocrx_word' id='word_1_270' title='bbox 416 3929 513 3997; x_wconf 83' lang='lat' dir='ltr'>brdce</span> <span class='ocrx_word' id='word_1_271' title='bbox 537 3935 596 4017; x_wconf 77' lang='lat' dir='ltr'>snb</span> <span class='ocrx_word' id='word_1_272' title='bbox 620 3930 684 3994; x_wconf 89' lang='lat' dir='ltr'>and</span> <span class='ocrx_word' id='word_1_273' title='bbox 706 3929 784 4012; x_wconf 82' lang='lat' dir='ltr'>lang</span> <span class='ocrx_word' id='word_1_274' title='bbox 809 3927 862 3991; x_wconf 87' lang='lat' dir='ltr'>dic</span> <span class='ocrx_word' id='word_1_275' title='bbox 877 3947 920 3989; x_wconf 89' lang='lat' dir='ltr'>on</span> <span class='ocrx_word' id='word_1_276' title='bbox 934 3928 1022 3991; x_wconf 76' lang='lat' dir='ltr'>tione</span> <span class='ocrx_word' id='word_1_277' title='bbox 1044 3926 1170 4009; x_wconf 68' lang='lat' dir='ltr'>herpes</span> <span class='ocrx_word' id='word_1_278' title='bbox 1184 3975 1192 3988; x_wconf 93' lang='lat'><strong>.</strong></span> <span class='ocrx_word' id='word_1_279' title='bbox 1207 3935 1277 4011; x_wconf 83' lang='lat' dir='ltr'>pest</span> <span class='ocrx_word' id='word_1_280' title='bbox 1290 3927 1386 4011; x_wconf 70' lang='lat' dir='ltr'>Jlang</span> <span class='ocrx_word' id='word_1_281' title='bbox 1407 3928 1567 4013; x_wconf 76' lang='lat' dir='ltr'>herpaties</span> <span class='ocrx_word' id='word_1_282' title='bbox 1581 3952 1625 3996; x_wconf 88' lang='lat' dir='ltr'>on</span> 
     </span>
     <span class='ocr_line' id='line_1_34' title="bbox 417 4024 1626 4117; baseline -0.002 -22"><span class='ocrx_word' id='word_1_283' title='bbox 417 4030 544 4117; x_wconf 86' lang='lat' dir='ltr'>pendan</span> <span class='ocrx_word' id='word_1_284' title='bbox 567 4050 662 4094; x_wconf 78' lang='lat' dir='ltr'>mare</span> <span class='ocrx_word' id='word_1_285' title='bbox 684 4049 727 4091; x_wconf 93' lang='lat' dir='ltr'>on</span> <span class='ocrx_word' id='word_1_286' title='bbox 750 4029 841 4112; x_wconf 75' lang='lat' dir='ltr'>morp</span> <span class='ocrx_word' id='word_1_287' title='bbox 862 4024 915 4090; x_wconf 90' lang='lat' dir='ltr'>dic</span> <span class='ocrx_word' id='word_1_288' title='bbox 929 4077 938 4092; x_wconf 91' lang='lat'><strong>.</strong></span> <span class='ocrx_word' id='word_1_289' title='bbox 953 4028 1060 4112; x_wconf 74' lang='lat' dir='ltr'>bonon</span> <span class='ocrx_word' id='word_1_290' title='bbox 1075 4026 1158 4089; x_wconf 72' lang='lat' dir='ltr'>nord</span> <span class='ocrx_word' id='word_1_291' title='bbox 1180 4047 1200 4107; x_wconf 71' lang='lat'>3</span> <span class='ocrx_word' id='word_1_292' title='bbox 1215 4025 1293 4107; x_wconf 82' lang='lat' dir='ltr'>lang</span> <span class='ocrx_word' id='word_1_293' title='bbox 1306 4025 1464 4109; x_wconf 69' lang='lat' dir='ltr'>herpades</span> <span class='ocrx_word' id='word_1_294' title='bbox 1479 4048 1521 4092; x_wconf 90' lang='lat' dir='ltr'>on</span> <span class='ocrx_word' id='word_1_295' title='bbox 1536 4029 1626 4115; x_wconf 79' lang='lat' dir='ltr'>pi&#39;dig</span> 
     </span>
     <span class='ocr_line' id='line_1_35' title="bbox 416 4125 1626 4212; baseline 0.002 -19"><span class='ocrx_word' id='word_1_296' title='bbox 416 4129 484 4193; x_wconf 86' lang='lat' dir='ltr'>leas</span> <span class='ocrx_word' id='word_1_297' title='bbox 510 4125 741 4212; x_wconf 84' lang='lat' dir='ltr'>pyrttrdman.</span> <span class='ocrx_word' id='word_1_298' title='bbox 767 4127 878 4211; x_wconf 72' lang='lat' dir='ltr'>bonne</span> <span class='ocrx_word' id='word_1_299' title='bbox 902 4125 1025 4209; x_wconf 84' lang='lat' dir='ltr'>ealling</span> <span class='ocrx_word' id='word_1_300' title='bbox 1051 4125 1091 4188; x_wconf 90' lang='lat' dir='ltr'>be</span> <span class='ocrx_word' id='word_1_301' title='bbox 1114 4132 1319 4208; x_wconf 75' lang='lat' dir='ltr'>pyrttruman</span> <span class='ocrx_word' id='word_1_302' title='bbox 1340 4128 1380 4210; x_wconf 77' lang='lat' dir='ltr'>ob</span> <span class='ocrx_word' id='word_1_303' title='bbox 1404 4125 1515 4190; x_wconf 77' lang='lat' dir='ltr'>icles</span> <span class='ocrx_word' id='word_1_304' title='bbox 1536 4136 1626 4195; x_wconf 79' lang='lat' dir='ltr'>caste</span> 
     </span>
    </p>
   </div>
   <div class='ocr_carea' id='block_1_10' title="bbox 417 4221 1665 4411">
    <p class='ocr_par' dir='ltr' id='par_1_16' title="bbox 417 4221 1665 4411">
     <span class='ocr_line' id='line_1_36' title="bbox 417 4221 1665 4311; baseline -0.002 -18"><span class='ocrx_word' id='word_1_305' title='bbox 417 4227 559 4311; x_wconf 60' lang='lat' dir='ltr'>peardne</span> <span class='ocrx_word' id='word_1_306' title='bbox 573 4244 595 4307; x_wconf 61' lang='grc' dir='ltr'><strong><em>Ἰ</em></strong></span> <span class='ocrx_word' id='word_1_307' title='bbox 610 4223 730 4310; x_wconf 73' lang='lat' dir='ltr'>nordpe</span> <span class='ocrx_word' id='word_1_308' title='bbox 744 4223 885 4309; x_wconf 85' lang='lat' dir='ltr'>peardne</span> <span class='ocrx_word' id='word_1_309' title='bbox 897 4273 905 4287; x_wconf 90' lang='lat'><strong>.</strong></span> <span class='ocrx_word' id='word_1_310' title='bbox 915 4227 1022 4309; x_wconf 74' lang='lat' dir='ltr'>panon</span> <span class='ocrx_word' id='word_1_311' title='bbox 1037 4243 1079 4285; x_wconf 93' lang='lat' dir='ltr'>on</span> <span class='ocrx_word' id='word_1_312' title='bbox 1094 4221 1151 4304; x_wconf 84' lang='lat' dir='ltr'>big</span> <span class='ocrx_word' id='word_1_313' title='bbox 1166 4222 1243 4285; x_wconf 91' lang='lat' dir='ltr'>broc</span> <span class='ocrx_word' id='word_1_314' title='bbox 1257 4230 1360 4303; x_wconf 82' lang='lat' dir='ltr'>east]</span> <span class='ocrx_word' id='word_1_315' title='bbox 1375 4221 1452 4307; x_wconf 84' lang='lat' dir='ltr'>lang</span> <span class='ocrx_word' id='word_1_316' title='bbox 1461 4223 1626 4293; x_wconf 86' lang='lat' dir='ltr'>broeeson</span> <span class='ocrx_word' id='word_1_317' title='bbox 1660 4229 1665 4239; x_wconf 85' lang='grc'><em>’</em></span> 
     </span>
     <span class='ocr_line' id='line_1_37' title="bbox 417 4319 1635 4411; baseline -0.044 -22"><span class='ocrx_word' id='word_1_318' title='bbox 417 4326 473 4411; x_wconf 74' lang='lat' dir='ltr'>bes</span> <span class='ocrx_word' id='word_1_319' title='bbox 487 4321 624 4408; x_wconf 84' lang='lat' dir='ltr'>bipisces</span> <span class='ocrx_word' id='word_1_320' title='bbox 637 4319 693 4384; x_wconf 90' lang='lat' dir='ltr'>dlc</span> <span class='ocrx_word' id='word_1_321' title='bbox 703 4371 711 4386; x_wconf 90' lang='lat'><strong>.</strong></span> <span class='ocrx_word' id='word_1_322' title='bbox 723 4320 835 4402; x_wconf 81' lang='lat' dir='ltr'>nord]</span> <span class='ocrx_word' id='word_1_323' title='bbox 847 4321 925 4405; x_wconf 87' lang='lat' dir='ltr'>lang</span> <span class='ocrx_word' id='word_1_324' title='bbox 936 4320 1023 4384; x_wconf 86' lang='lat' dir='ltr'>dices</span> <span class='ocrx_word' id='word_1_325' title='bbox 1038 4340 1080 4383; x_wconf 93' lang='lat' dir='ltr'>on</span> <span class='ocrx_word' id='word_1_326' title='bbox 1096 4324 1159 4404; x_wconf 72' lang='lat' dir='ltr'>baet</span> <span class='ocrx_word' id='word_1_327' title='bbox 1173 4319 1262 4383; x_wconf 85' lang='lat' dir='ltr'>strnd</span> <span class='ocrx_word' id='word_1_328' title='bbox 1277 4320 1635 4406; x_wconf 43' lang='lat' dir='ltr'>mst31angstmdae·.</span> 
     </span>
    </p>
   </div>
   <div class='ocr_carea' id='block_1_11' title="bbox 417 4416 1626 4610">
    <p class='ocr_par' dir='ltr' id='par_1_17' title="bbox 417 4416 1626 4610">
     <span class='ocr_line' id='line_1_38' title="bbox 417 4416 1626 4509; baseline -0.003 -22"><span class='ocrx_word' id='word_1_329' title='bbox 417 4420 454 4487; x_wconf 78' lang='lat' dir='ltr'>ot</span> <span class='ocrx_word' id='word_1_330' title='bbox 472 4426 545 4506; x_wconf 76' lang='lat' dir='ltr'>pam</span> <span class='ocrx_word' id='word_1_331' title='bbox 567 4420 676 4484; x_wconf 86' lang='lat' dir='ltr'>strode</span> <span class='ocrx_word' id='word_1_332' title='bbox 697 4440 740 4483; x_wconf 91' lang='lat' dir='ltr'>on</span> <span class='ocrx_word' id='word_1_333' title='bbox 762 4420 989 4504; x_wconf 81' lang='lat' dir='ltr'>pedemngraie</span> <span class='ocrx_word' id='word_1_334' title='bbox 1010 4439 1127 4501; x_wconf 84' lang='lat' dir='ltr'>seagau</span> <span class='ocrx_word' id='word_1_335' title='bbox 1143 4467 1151 4482; x_wconf 91' lang='lat'><strong>.</strong></span> <span class='ocrx_word' id='word_1_336' title='bbox 1166 4416 1221 4482; x_wconf 86' lang='lat' dir='ltr'>ritt</span> <span class='ocrx_word' id='word_1_337' title='bbox 1243 4418 1324 4503; x_wconf 72' lang='lat' dir='ltr'>burh</span> <span class='ocrx_word' id='word_1_338' title='bbox 1345 4420 1427 4504; x_wconf 76' lang='lat' dir='ltr'>lone</span> <span class='ocrx_word' id='word_1_339' title='bbox 1449 4441 1567 4507; x_wconf 75' lang='lat' dir='ltr'>scagan</span> <span class='ocrx_word' id='word_1_340' title='bbox 1580 4433 1626 4509; x_wconf 60' lang='grc' dir='ltr'>,Ἰ</span> 
     </span>
     <span class='ocr_line' id='line_1_39' title="bbox 417 4516 1485 4610; baseline 0.001 -25"><span class='ocrx_word' id='word_1_341' title='bbox 417 4520 496 4604; x_wconf 83' lang='lat' dir='ltr'>lang</span> <span class='ocrx_word' id='word_1_342' title='bbox 509 4520 587 4610; x_wconf 77' lang='lat' dir='ltr'>beas</span> <span class='ocrx_word' id='word_1_343' title='bbox 602 4518 714 4584; x_wconf 85' lang='lat' dir='ltr'>broces</span> <span class='ocrx_word' id='word_1_344' title='bbox 728 4521 836 4604; x_wconf 73' lang='lat' dir='ltr'>ponne</span> <span class='ocrx_word' id='word_1_345' title='bbox 851 4521 912 4601; x_wconf 71' lang='lat' dir='ltr'>sup</span> <span class='ocrx_word' id='word_1_346' title='bbox 926 4519 967 4582; x_wconf 90' lang='lat' dir='ltr'>be</span> <span class='ocrx_word' id='word_1_347' title='bbox 980 4524 1185 4602; x_wconf 75' lang='lat' dir='ltr'>pyrttrnman</span> <span class='ocrx_word' id='word_1_348' title='bbox 1200 4516 1249 4581; x_wconf 86' lang='lat' dir='ltr'>eit</span> <span class='ocrx_word' id='word_1_349' title='bbox 1263 4537 1306 4581; x_wconf 92' lang='lat' dir='ltr'>on</span> <span class='ocrx_word' id='word_1_350' title='bbox 1319 4517 1376 4604; x_wconf 86' lang='lat' dir='ltr'>hig</span> <span class='ocrx_word' id='word_1_351' title='bbox 1389 4519 1485 4585; x_wconf 88' lang='lat' dir='ltr'>broc.</span> 
     </span>
    </p>
   </div>
   <div class='ocr_carea' id='block_1_12' title="bbox 416 4666 1627 4814">
    <p class='ocr_par' dir='ltr' id='par_1_18' title="bbox 416 4666 1627 4814">
     <span class='ocr_line' id='line_1_40' title="bbox 466 4666 1627 4734; baseline -0.009 -13"><span class='ocrx_word' id='word_1_352' title='bbox 466 4667 678 4731; x_wconf 78' lang='lat' dir='ltr'>¹scor.tv,ra</span> <span class='ocrx_word' id='word_1_353' title='bbox 765 4666 1406 4733; x_wconf 64' lang='lat' dir='ltr'>’leouuaesxpuncrsdmdeowtmens</span> <span class='ocrx_word' id='word_1_354' title='bbox 1492 4671 1627 4734; x_wconf 50' lang='grc' dir='ltr'>’.ως</span> 
     </span>
     <span class='ocr_line' id='line_1_41' title="bbox 416 4747 879 4814; baseline 0 -12"><span class='ocrx_word' id='word_1_355' title='bbox 416 4750 644 4813; x_wconf 53' lang='lat' dir='ltr'>‘una-mnu</span> <span class='ocrx_word' id='word_1_356' title='bbox 740 4747 879 4814; x_wconf 61' lang='lat' dir='ltr'>&#39;mex</span> 
     </span>
    </p>
   </div>
   <div class='ocr_carea' id='block_1_13' title="bbox 0 0 1910 5498">
    <p class='ocr_par' dir='ltr' id='par_1_19' title="bbox 0 0 1910 5498">
     <span class='ocr_line' id='line_1_42' title="bbox 0 0 1910 5498; baseline 0 0"><span class='ocrx_word' id='word_1_357' title='bbox 0 0 1910 5498; x_wconf 95' lang='lat' dir='ltr'> </span> 
     </span>
    </p>
   </div>
  </div>
 </body>
</html>
