3788 5498
488 562 514 605 a
905 557 1015 607 ernon
1035 553 1080 602 ar
1100 553 1300 605 mornseoe.
1533 536 1612 627 [nn.
1626 552 1703 620 792

492 762 500 776 .
516 728 558 777 v,
573 712 709 777 collecta
724 713 838 779 sinodo
852 714 888 777 in
902 713 974 777 loco
988 711 1045 796 qui
1056 709 1178 775 dicitur
1192 711 1391 777 Gnarusnoe
1405 762 1412 776 .
1428 732 1503 777 cnm
1513 709 1596 775 mibi
1610 709 1702 774 Deus

492 811 699 894 omnipotens
726 832 784 895 pro
807 833 866 876 sna
890 812 1011 895 pietate
1037 809 1113 894 plus
1141 808 1361 893 triumphavit
1383 810 1418 874 in
1442 829 1577 894 regnum
1600 827 1700 891 quam

491 911 749 974 antecessoribus
774 911 856 975 meis
871 910 1063 993 propinquis
1078 906 1161 970 mihi
1175 929 1304 992 quoque
1320 909 1362 973 ad
1376 914 1585 992 augmentum
1609 925 1699 989 seep-

493 1016 580 1070 trum
600 1008 707 1091 regale
730 1028 751 1090 3
774 1009 994 1092 gubenuacnle
1008 1007 1255 1090 Cantpariorurn
1279 1008 1460 1072 concessit.
1475 1014 1556 1070 tunc
1576 1004 1702 1088 placuit

491 1105 575 1168 mihi
598 1106 817 1188 expetitione
843 1129 863 1188 3
888 1106 1038 1170 suasione
1058 1104 1269 1190 AEpelheardi
1293 1104 1522 1189 archiepiscopi
1551 1123 1612 1167 nec
1634 1122 1719 1165 non-

492 1223 567 1267 cum
601 1202 735 1268 licentia
759 1227 779 1287 ]
807 1224 967 1269 consensu
996 1205 1143 1267 omnium
1180 1204 1405 1287 episcoporum
1444 1223 1482 1267 ac
1516 1200 1701 1285 principum

492 1322 639 1365 meorum
664 1323 723 1386 pro
749 1303 869 1367 honore
894 1323 915 1386 3
941 1322 1049 1366 amore
1073 1302 1309 1385 omnipotentis
1335 1303 1400 1368 Dei
1415 1353 1422 1367 .
1437 1321 1457 1385 3
1472 1298 1701 1365 intercessione

491 1399 580 1463 beati
595 1401 698 1483 patris
713 1401 892 1485 Augustini
915 1421 972 1464 sen
987 1400 1086 1464 etiam
1108 1421 1168 1483 pro
1189 1401 1370 1465 stabilitate
1391 1400 1481 1485 regni
1503 1397 1701 1462 Merciornm

491 1498 629 1562 eandem
656 1499 840 1563 libertatem
867 1514 1034 1564 recursus
1056 1500 1124 1562 Dur
1151 1514 1254 1563 lurra
1280 1500 1435 1564 Cmnunn
1458 1495 1644 1562 constitutis
1658 1494 1703 1560 ,ί

491 1596 585 1659 nobis
602 1596 712 1661 iterari
736 1606 836 1681 atque
858 1597 1041 1662 confirmari
1059 1597 1130 1661 fieri
1153 1597 1310 1661 coudecet
1332 1598 1418 1660 sicut
1437 1604 1533 1660 antea
1554 1596 1661 1659 fuerat
1681 1614 1702 1657 e

492 1694 678 1779 prurienno
697 1716 772 1779 rege
787 1716 977 1760 concessum
992 1714 1013 1777 J
1028 1696 1268 1760 constitutum.
1314 1695 1465 1778 Itemque
1479 1694 1592 1759 eodem
1606 1692 1702 1758 modo

490 1792 533 1855 ab
545 1794 763 1858 AEnsnnnnno
774 1815 849 1878 rege
863 1794 978 1858 sinodo
992 1794 1158 1858 rnnnitum
1170 1794 1371 1877 repperimus
1386 1844 1394 1859 .

535 1892 621 1955 Item
637 1912 696 1974 ego
717 1892 806 1956 Ofrn
828 1913 884 1956 rex
909 1892 1108 1956 Mereiorum
1129 1891 1233 1955 libero
1254 1892 1327 1957 haee
1348 1891 1543 1955 monasteria
1564 1910 1702 1974 quornm

491 1991 625 2053 nomina
639 1990 695 2054 hic
711 2000 789 2055 sunt
799 1992 1024 2055 subternotata
1035 1991 1094 2054 ‚ab
1103 1990 1194 2053 omni
1208 1991 1369 2073 gnaritate
1380 1988 1536 2073 regalium
1546 2009 1703 2054 censuum

491 2112 548 2155 seu
572 2091 768 2156 secularium
790 2093 987 2157 semitutum
1002 2142 1011 2156 .
1025 2091 1078 2156 vel
1101 2092 1202 2155 etiarn
1224 2092 1362 2156 aliorum
1385 2092 1573 2156 inferiorum
1595 2112 1703 2174 perso·

491 2210 608 2252 narum
632 2211 738 2273 neque
760 2191 796 2254 in
816 2189 991 2255 relectione
1011 2208 1032 2273 'j
1054 2189 1211 2253 alimonia
1229 2190 1314 2274 regis
1328 2240 1336 2255 .
1352 2211 1412 2255 nee
1433 2192 1468 2253 in
1491 2189 1642 2273 operibus
1663 2189 1706 2254 ad

490 2287 616 2371 regales
635 2287 768 2352 villulas
791 2309 852 2352 nec
874 2289 909 2351 in
931 2289 1138 2371 susceptione
1159 2288 1299 2371 alicujus
1313 2340 1322 2354 .
1338 2288 1373 2352 iu
1394 2296 1445 2353 est
1457 2290 1702 2373 scatianum.

491 2405 552 2448 nec
573 2406 670 2449 canes
695 2394 753 2449 aut
777 2385 980 2470 accipitres.
1002 2406 1109 2469 neque
1135 2406 1236 2470 equos
1258 2437 1266 2451 .
1289 2386 1510 2451 venatoresve¹
1525 2407 1565 2468 .]
1592 2406 1703 2451 eornm

491 2483 665 2548 ductores.
682 2485 795 2549 sivein
807 2486 937 2569 pascuis
952 2504 1141 2569 camporum
1157 2535 1165 2549 .
1181 2485 1403 2569 silvarumque
1414 2486 1455 2548 ab
1465 2484 1704 2568 aliquohonere

491 2604 630 2666 usquam
654 2594 855 2666 graventur.
870 2584 935 2648 nisi
958 2583 1167 2667 expeditione
1190 2584 1278 2647 intra
1299 2584 1453 2648 Canciam
1478 2633 1486 2647 .
1513 2591 1626 2647 contra
1647 2603 1705 2667 pe·

491 2702 591 2765 ganas
607 2683 772 2745 marinos.
789 2702 866 2745 eum
880 2681 993 2746 elassis
1008 2681 1226 2764 migrantibus
1243 2680 1297 2745 vel
1320 2682 1355 2744 in
1378 2679 1536 2745 australes
1559 2679 1705 2745 Saxones

492 2780 520 2843 si
547 2781 725 2845 necessitas
748 2781 834 2864 cogit
857 2800 896 2844 ac
918 2780 1027 2864 pontis
1049 2780 1325 2843 coristmetionem
1347 2799 1367 2863 3
1388 2781 1470 2845 arcis
1490 2780 1705 2844 munitionem

493 2886 606 2941 contra
621 2898 763 2963 paganos
783 2880 929 2964 itemque
950 2879 1037 2942 intra
1057 2879 1139 2943 lines
1155 2878 1402 2963 Cantpariorum
1425 2887 1475 2944 set
1488 2899 1509 2963 ]
1523 2879 1584 2944 hec
1598 2887 1649 2944 est
1670 2880 1706 2943 in

492 2975 544 3039 ea2
555 2976 677 3058 peticio
691 2984 791 3061 atque
813 2975 963 3040 doctrina
977 2986 1016 3041 nt
1030 2976 1091 3041 hcc
1105 2977 1171 3040 trie
1192 2979 1404 3043 consentiatis
1418 2999 1481 3063 que
1496 2978 1595 3043 doceo
1609 2985 1648 3042 ut
1667 2998 1706 3043 eo

493 3074 644 3138 stabilior
658 3074 718 3139 hee
733 3095 806 3139 mea
825 3074 960 3140 libertas
982 3083 1173 3160 permaneat
1193 3126 1201 3143 .
1225 3076 1261 3141 si
1277 3085 1384 3141 vestre
1399 3085 1577 3161 spontanea
1591 3077 1707 3140 volun·

492 3178 561 3235 tate
576 3172 640 3237 hoc
654 3194 720 3237 non
734 3173 877 3258 negetis.
1484 3167 1488 3173 ¹

790 3322 843 3374 [Α]
856 3322 918 3368 nna
926 3324 1248 3377 limellfflullu
1256 3325 1417 3371 unam

754 3702 820 3767 aea
843 3701 969 3785 (ren)
991 3703 1137 3767 emar
1144 3703 1237 3788 form
1250 3702 1291 3786 of
1306 3700 1368 3767 ra.
1383 3646 1478 3767 aaa*

539 3856 710 3940 Regnante
733 3855 966 3938 inperpetuum
984 3855 1057 3920 Deo
1078 3875 1098 3938 3
1123 3855 1258 3920 domino
1283 3862 1395 3920 nostro
1416 3855 1522 3920 Jhesu
1551 3853 1705 3922 Christo.

496 3955 588 4018 Licet
603 3954 726 4037 ubique
747 3973 807 4036 per
830 3961 938 4015 totum
961 3955 1121 4018 mundum
1144 3954 1315 4018 beatorum
1336 3959 1516 4037 martyrum
1531 3954 1588 4038 qui
1611 3974 1707 4020 sunm

493 4072 554 4135 pro
568 4050 701 4117 Christo
715 4050 908 4133 sanguinem
923 4050 1079 4115 fuderunt
1094 4053 1210 4115 merita
1224 4056 1233 4112 f
1249 4051 1362 4115 divine
1384 4050 1490 4114 landis
1504 4051 1709 4118 exultacione

494 4149 690 4214 celebranda
705 4150 773 4213 sint
787 4199 795 4212 .
811 4169 989 4232 eorumque
1000 4149 1199 4214 Dei-auxilio
1213 4149 1364 4233 exempla
1373 4147 1510 4233 gloriosa
1526 4150 1710 4234 sequenda!

494 4250 649 4333 precipue
672 4256 783 4311 tamen
807 4248 903 4311 nobis
929 4248 1109 4311 beatissimi
1132 4248 1258 4312 Albani
1284 4248 1341 4333 qui
1366 4248 1428 4313 sub
1450 4248 1512 4313 hac
1540 4248 1709 4315 Britannis

494 4347 605 4411 insula
618 4346 779 4431 gloriosus
800 4347 959 4429 marmio
974 4346 1098 4411 effulsit
1120 4349 1277 4411 memoria
1292 4397 1300 4412 .
1316 4347 1371 4430 pia
1386 4367 1513 4431 semper
1525 4346 1713 4414 intencione

495 4464 516 4529 'j
532 4445 645 4509 sedula
660 4444 882 4509 sollieitudine
895 4444 1099 4509 observanda
1108 4454 1180 4509 est.
1311 4442 1317 4451 '

540 4543 639 4607 Unde
654 4563 714 4626 ego
728 4544 820 4608 Orrn
835 4543 945 4626 gracia
960 4542 1024 4607 Dei
1034 4562 1091 4607 rex
1106 4543 1305 4608 Mereiorum
1317 4564 1392 4608 cum
1401 4542 1469 4609 filio
1478 4564 1551 4609 meo
1561 4544 1715 4631 Ecglrido

496 4661 556 4724 pro
581 4662 690 4705 amore
713 4641 950 4724 omnipotentis
970 4640 1034 4706 Dei
1053 4652 1088 4706 et
1114 4642 1215 4725 liujus
1240 4644 1345 4707 cerreti
1365 4645 1594 4711 urtereessione
1614 4697 1623 4713 .
1646 4654 1714 4713 ter·

730 4800 1018 4866 'veum-uem
1210 4800 1483 4868 'mmmm
