3788 5498
327 482 357 545 ii
667 496 826 546 uvunuunn
846 496 889 545 ao
913 455 1193 546 amnnsnnusrnn.
1364 483 1443 566 [an.
1460 485 1538 564 ⁶⁶4

329 650 400 733 ejus
414 652 583 734 pecuniam
599 672 696 735 quam
712 651 753 715 ab
767 671 805 715 eo
820 651 932 734 accepi
945 651 1007 716 boc
1022 659 1073 716 est
1087 702 1095 717 .
1111 667 1172 716 vm
1186 701 1194 715 .
1210 652 1303 716 hund
1312 652 1481 738 -pendinga
1500 652 1538 717 in

328 747 400 812 loco
414 749 471 831 qui
486 749 605 823 dicitur
618 750 867 834 Buupnnaunns
882 764 1062 813 naussum
1076 799 1085 813 .
1100 770 1160 814 nec
1175 770 1241 813 non
1256 769 1276 830 Ἰ
1291 749 1376 813 illud
1397 750 1537 834 agellum

330 845 382 908 his
411 847 602 909 terminibus
631 846 859 909 circumcincta
884 854 935 909 est
957 894 965 909 .
987 846 1023 908 in
1047 846 1171 910 oriente
1201 850 1339 932 subsuta
1368 847 1477 912 lond.
1501 847 1538 911 in

329 942 462 1006 meridie
478 949 562 1006 terra
577 943 832 1026 folcanstauinga
848 942 884 1004 in
899 942 1100 1007 occidentale
1118 945 1203 1026 regis
1221 952 1308 1008 terra
1328 945 1364 1007 in
1387 944 1539 1029 aquilone
1638 992 1641 999 .

330 1041 487 1104 limenaea
509 1061 654 1105 necnon
676 1061 695 1122 ]
719 1040 801 1103 illud
821 1040 963 1123 agellum
988 1061 1045 1124 ego
1069 1041 1120 1104 illi
1145 1042 1228 1104 dabo
1252 1043 1287 1104 in
1308 1041 1538 1124 sempiternam

330 1138 609 1226 hereditatemnilli
623 1138 806 1201 habendum
821 1158 841 1219 3
857 1136 1089 1220 possidendum
1106 1139 1309 1221 feliciterque
1323 1140 1360 1201 in
1380 1139 1449 1203 dies
1469 1139 1540 1221 ejus

331 1236 560 1318 perfruendum
575 1257 594 1318 ]
610 1244 684 1319 post
698 1236 767 1299 dics
782 1236 853 1317 ejus
871 1236 1064 1319 cuicumque
1086 1236 1198 1300 heredi
1221 1237 1380 1319 placuerit
1402 1236 1540 1300 derelin-

331 1334 515 1416 quendum.
532 1334 593 1396 hoc
607 1334 714 1416 ipsum
730 1332 870 1415 agellum
885 1333 927 1396 ab
943 1333 1031 1396 omni
1043 1333 1180 1397 seculari
1192 1333 1384 1397 difficultate
1395 1354 1414 1415 1
1427 1333 1539 1398 adver·

332 1431 483 1494 sitatibus
505 1432 628 1512 intus]
644 1431 721 1493 foris
740 1431 827 1493 notis
841 1450 861 1511 3
877 1430 998 1513 ignotis
1015 1479 1023 1494 .
1039 1431 1215 1513 majoribus
1238 1431 1420 1495 minoribus
1441 1452 1539 1515 quam

332 1528 388 1590 diu
412 1528 586 1592 christiana
609 1529 686 1591 fides
709 1528 743 1590 in
758 1533 843 1590 terra
859 1535 1007 1590 servetur
1021 1527 1210 1591 eternaliter
1224 1534 1415 1610 permaneat
1435 1527 1540 1591 liber.

331 1624 393 1688 hoc
414 1625 585 1708 ipsumque
608 1624 756 1689 omnibus
782 1625 1020 1689 successoribus
1041 1626 1162 1689 uostris
1184 1626 1220 1688 in
1242 1625 1375 1689 nomine
1395 1626 1540 1708 omnipo·

331 1719 433 1786 tentis
454 1724 517 1787 Dei
539 1725 706 1787 observare
728 1722 971 1805 precepimus]
995 1723 1115 1808 siquis
1137 1723 1200 1788 hoc
1224 1744 1352 1788 servare
1373 1723 1542 1787 voluerit!
1574 1731 1579 1742 ·

333 1829 440 1886 servet
454 1823 547 1886 illum
563 1822 792 1906 omnipotentis
807 1822 869 1886 Dei
886 1822 1069 1886 benedictio
1084 1821 1139 1885 hic
1152 1841 1173 1905 ]
1188 1822 1223 1884 in
1239 1822 1351 1885 futuro
1365 1846 1373 1899 ;
1389 1822 1417 1884 si
1432 1827 1542 1887 autem

333 1919 376 1981 sit
390 1920 477 2001 quod
493 1940 557 1983 non
568 1928 715 2002 optamus
726 1925 765 1980 ut
779 1919 918 2001 alicujus
934 1939 1069 2002 persone
1083 1918 1181 1982 homo
1192 1919 1351 1982 diabolica
1360 1918 1543 1983 temeritate

334 2036 431 2080 ausus
460 2018 636 2081 surrexerit
663 2017 720 2099 qui
750 2016 834 2080 hanc
863 2016 1074 2081 donacionem
1104 2026 1248 2081 nostram
1278 2017 1453 2102 infringere
1490 2016 1544 2083 vel

333 2114 479 2178 minuere
501 2113 554 2178 vel
579 2115 614 2177 in
641 2113 729 2177 aliud
753 2122 940 2178 convertere
967 2136 1065 2199 quam
1089 2117 1305 2179 constitutum
1333 2123 1384 2180 est
1405 2115 1426 2180 d
1448 2117 1542 2181 nobis

336 2213 546 2294 temptaverit
568 2217 577 2271 t
601 2213 682 2276 sciat
705 2233 739 2275 se
763 2211 922 2275 rationem
946 2233 1015 2276 esse
1040 2212 1244 2277 redditurum
1265 2215 1301 2276 in
1324 2213 1378 2278 die
1397 2214 1543 2296 judicii.

338 2310 403 2372 nisi
424 2316 500 2374 ante
522 2309 620 2394 digna
641 2310 859 2374 satisfactione
882 2310 954 2374 Deo
973 2309 1196 2393 Jhominibus
1218 2310 1390 2376 emendam
1404 2311 1545 2377 voluerit

372 2405 428 2471 ὃ)
1425 2419 1431 2429 “

336 2423 357 2488 ³
541 2513 662 2564 [niara
671 2513 1251 2569 nu.‚coaonna.aaruo.n‚amo(nun
1260 2515 1345 2569 aaa).

752 2694 1142 2719 --.--..,...

343 2862 408 2926 838
423 2861 523 2945 (22Β).
545 2860 772 2943 Anyto-Sason
795 2861 905 2944 ὅροισι
929 2863 998 2926 cred
1017 2863 1151 2927 dimeter
1169 2865 1210 2946 of
1232 2862 1378 2948 lVrdscrc,
1402 2864 1494 2947 Κίος
1513 2866 1555 2948 os

475 2959 523 3020 tiu
544 2957 707 3033 Merciana
724 2958 890 3041 sotandiaq
917 2960 967 3022 tlte
984 2961 1087 3045 Abbsp
1111 2962 1152 3043 of
1169 2960 1419 3026 Modeslmmstcd
1432 2962 1551 3045 (Peteo-

475 3057 633 3140 dormtqb),
646 3065 696 3121 etc
741 3073 803 3122 nn.
820 3059 894 3123 664

396 3202 1551 3267 DaoeomyustrepaesgebnlgodoaSanetcl’otmmmt.78.l'aulu.·18.dndr’.b

346 3281 1290 3350 ntodaeolyninguptolooeuullehisdaegm.1oyaedluddorsteina.

389 3418 408 3443 “
423 3407 560 3473 Danccd
575 3410 656 3493 pur-li
670 3409 721 3473 hit
734 3412 799 3496 bon
813 3410 904 3495 hage
918 3411 1057 3476 celmihti
1072 3411 1145 3476 God
1160 3413 1209 3498 bis
1223 3415 1395 3497 purliscipe
1408 3418 1434 3498 p
1447 3414 1507 3479 her
1519 3415 1550 3480 is

347 3506 546 3593 gedon.]ic
560 3506 622 3590 pile
635 3508 790 3591 purbigen
804 3509 853 3593 pis
873 3508 937 3574 daei
957 3508 1079 3594 Crist]
1094 3510 1155 3575 sse
1170 3511 1290 3577 Peter.
1304 3534 1324 3595 J
1339 3512 1551 3599 icpillepgo

347 3606 430 3673 ealle
443 3626 483 3690 ge
496 3605 566 3670 tite
580 3606 668 3670 mine
682 3608 795 3692 ponde.

391 3714 408 3740 ‘⁸
422 3706 459 3769 Ic
469 3703 624 3788 Vuursau
634 3706 699 3790 gife
709 3713 745 3770 to
754 3705 815 3770 daei
827 3705 888 3770 see
896 3705 995 3771 Petro
1008 3757 1016 3772 .
1033 3728 1052 3789 3
1068 3713 1151 3793 pone
1165 3708 1290 3773 abbode
1304 3709 1460 3776 Sum.
1476 3732 1496 3793 3
1510 3714 1553 3799 ιο

349 3824 503 3869 munecas
528 3803 562 3866 of
587 3807 626 3889 pe
650 3806 891 3889 mynstre.bas
914 3804 1162 3890 laudes.]bas
1184 3815 1368 3891 pateres.]
1390 3828 1551 3890 merem

348 3903 462 3967 lennes
472 3950 480 3965 .
490 3920 510 3985 ]
521 3920 658 3986 peres]
673 3901 755 3966 ealle
768 3905 809 3989 ba
822 3902 937 3968 landes
953 3906 994 3990 pa
1008 3906 1073 3991 par
1087 3903 1210 3968 abuton
1223 3904 1351 3989 liggeli.
1361 3906 1407 3969 lia
1419 3906 1455 3970 of
1464 3906 1554 3973 mina

346 3999 502 4083 kynerice
530 3999 647 4063 sindmi
675 3999 805 4064 freolice
826 4050 834 4065 .
858 4021 912 4083 spa
934 4002 993 4066 liet
1014 4021 1082 4065 nan
1106 4021 1184 4065 man
1206 4022 1251 4066 na
1278 4000 1365 4068 haue
1392 4006 1458 4089 baer
1485 4024 1553 4068 nan
1653 4018 1657 4027 ·

348 4098 480 4182 onsting
495 4146 502 4161 .
516 4096 619 4161 buton
642 4114 696 4162 seo
717 4097 850 4181 abbat]
867 4098 916 4164 se²
935 4118 1108 4164 muneces.
1136 4098 1208 4164 Das
1228 4102 1259 4165 is
1283 4120 1320 4166 se
1344 4101 1434 4186 giie.
1456 4101 1554 4166 unm

348 4195 630 4261 Medeshamstede
644 4203 679 4259 ιο
698 4194 876 4260 Nordburh
891 4247 899 4261 .
914 4218 935 4279 'J
951 4217 1006 4281 spa
1027 4205 1062 4262 to
1076 4197 1136 4262 liet
1150 4199 1241 4263 stede
1254 4203 1310 4284 bet
1324 4218 1402 4264 man
1417 4198 1553 4285 cleopeli

348 4294 456 4358 Folies
472 4342 482 4358 .
498 4314 583 4379 μοι
592 4293 632 4357 ael
647 4313 682 4359 se
697 4293 772 4357 leon
787 4292 855 4357 riht
868 4301 904 4358 to
919 4294 1059 4360 Esendic
1072 4344 1081 4359 .
1096 4316 1117 4379 3
1133 4296 1184 4360 ha
1197 4296 1339 4361 Esendic
1354 4304 1389 4361 to
1403 4301 1429 4384 p
1442 4298 1554 4364 stende

348 4394 386 4474 be
407 4411 484 4455 man
507 4392 641 4476 cleopell
663 4391 867 4456 Fenermuse
880 4412 925 4475 .]
948 4412 1002 4476 spa
1017 4396 1043 4479 p
1056 4393 1142 4458 rihto
1167 4396 1300 4479 pelex.
1319 4394 1398 4460 mile
1417 4394 1496 4481 lang
1513 4403 1551 4461 ιο

349 4488 1556 4579 CuggedIc.]spatoRaggepilh.]fraRaggepilhr.miletoberihteaebe

397 4652 407 4686 ¹
423 4654 664 4719 denominatam
676 4654 1555 4721 olElmhcm(1ald),WinamundgmtbialnndatBurmmeck

349 4734 887 4801 assumtumuabtminaastt.
1258 4734 1471 4803 ἫΤηυιι,
1541 4767 1548 4779 ·
