3788 5498
508 725 574 789 590
925 734 1075 781 vnana·
1096 733 1140 782 ro
1161 732 1276 781 anum.
1542 715 1621 799 [an.
1634 731 1710 796 947.

508 894 593 958 rifidi
608 899 717 957 autem
733 897 860 973 sceptra
873 889 973 953 cosmi
988 888 1126 953 visibilis
1140 887 1281 951 liborum
1296 886 1467 952 arbitrium
1482 886 1546 950 sibi
1560 884 1711 964 tradens,
1837 931 1843 941 .

509 993 658 1055 humanae
673 998 800 1053 tanturn
813 996 967 1051 mentone
979 986 1147 1071 disponere
1159 987 1259 1069 pieac
1270 985 1520 1050 misericorditer
1535 985 1710 1050 concessit.
1746 1052 1751 1063 ,

508 1091 561 1153 Ita
576 1097 614 1152 ut
629 1088 767 1153 coelestis
781 1085 953 1169 gemrchus
964 1085 1259 1166 dirersisgradibus
1274 1104 1341 1148 sure
1354 1083 1517 1167 lanoitatis
1531 1084 1712 1168 largifluam

508 1187 714 1251 donationem
730 1185 795 1247 lato
809 1183 978 1248 distribuit
993 1235 1001 1259 ,
1014 1184 1141 1265 regibus
1156 1233 1164 1258 ,
1179 1183 1337 1267 episcopis
1353 1233 1361 1258 ,
1375 1184 1578 1266 principibus
1593 1233 1601 1258 ,
1615 1181 1712 1246 abba·

510 1287 598 1349 tibus
614 1335 622 1360 ,
637 1283 816 1367 praepositis
831 1288 992 1364 quatenus
1015 1282 1236 1364 unusquisque
1252 1282 1287 1344 in
1303 1302 1361 1346 suo
1383 1281 1497 1345 ordine
1512 1301 1571 1364 pro
1584 1288 1713 1345 terreno

509 1385 600 1448 lucro
629 1383 692 1447 sibi
722 1380 892 1446 commisso
929 1379 1052 1443 talento
1082 1379 1116 1442 in
1146 1379 1200 1443 die
1229 1379 1480 1443 examinationis
1509 1379 1713 1461 duplicatum

511 1483 676 1566 negotium
701 1531 709 1556 ,
737 1479 829 1543 nulla
857 1478 1026 1542 obtinente
1048 1478 1186 1561 segnitia
1212 1527 1221 1554 ,
1246 1486 1488 1560 repraesentat.
1539 1477 1626 1540 Nam
1655 1495 1714 1560 ego

511 1582 671 1645 Ennaeas
693 1598 748 1641 rex
764 1577 821 1654 ‚in
843 1576 909 1640 mei
931 1575 1097 1659 praeordii
1120 1575 1376 1658 penetrabilibus
1390 1575 1543 1639 volutans
1562 1582 1715 1659 expertus

511 1699 582 1743 sum
593 1676 697 1760 ‚quod
711 1674 890 1739 mercedem
904 1680 1031 1738 aeterna
1041 1673 1253 1737 beatitudinis
1264 1682 1453 1756 recepturus
1467 1674 1531 1737 siin
1547 1674 1575 1737 si
1589 1673 1715 1739 cunctis

510 1774 595 1840 vello
619 1774 681 1839 Dei
703 1772 949 1853 subjicientibus
971 1772 1079 1836 lavore
1105 1792 1170 1835 non
1192 1771 1347 1835 recusabo
1363 1822 1371 1846 ‚
1386 1780 1426 1835 ut
1447 1772 1568 1836 veritas
1590 1771 1717 1836 mellita

511 1894 578 1938 suae
603 1871 757 1936 orationis
782 1868 911 1933 oracula
935 1870 1073 1953 protulit
1094 1869 1205 1933 dicens
1221 1919 1229 1945 ‚
1243 1878 1260 1902 ‘⁴
1273 1869 1370 1933 Date¹
1386 1876 1421 1933 et
1435 1870 1568 1933 dabitur
1581 1869 1715 1935 vobis”.

557 1971 759 2054 Quapropter
767 1989 824 2052 ego
833 1969 1104 2045 Eunaune8‚rex
1114 1966 1295 2051 Anglormn
1306 1976 1559 2051 catenarumque
1569 1968 1716 2052 gentium

511 2069 709 2134 incircuitu
735 2067 976 2150 persistentium
1006 2066 1202 2150 gubernator
1231 2074 1265 2132 et
1294 2074 1400 2130 rector
1425 2118 1433 2143 ‚
1456 2068 1517 2131 uni
1539 2066 1717 2132 venerabili

512 2167 690 2242 sacerdoti,
705 2165 834 2229 nomine
856 2165 994 2228 Enumo
1010 2215 1018 2241 ,
1032 2164 1084 2227 cui
1106 2172 1228 2228 memet
1249 2164 1357 2247 ipsum
1384 2165 1419 2227 in
1442 2165 1512 2228 suis
1533 2166 1632 2228 sacris
1645 2184 1716 2229 ora·

512 2267 657 2331 tionibus
672 2263 859 2330 commendo
873 2314 881 2339 ‚
897 2280 919 2326 x
936 2312 944 2328 .
959 2283 1087 2326 nransas
1102 2261 1212 2326 tribuo
1234 2261 1269 2326 in
1290 2260 1363 2325 loco
1383 2262 1441 2345 qui
1464 2262 1586 2326 dicitur
1607 2262 1717 2326 Lesu-

513 2381 598 2429 rorm
610 2388 619 2443 ;
630 2384 667 2427 eo
682 2371 776 2446 pacto
790 2371 828 2426 ut
842 2361 961 2425 babeat
972 2382 1010 2425 ac
1020 2360 1184 2445 possideat
1193 2360 1349 2443 quamdiu
1361 2359 1469 2422 uiuat.
1515 2358 1599 2423 Cum
1608 2366 1716 2424 autem

512 2461 734 2526 universitatis
757 2461 843 2524 iiam
865 2459 983 2525 adierit
998 2510 1006 2535 ,
1021 2460 1221 2523 Monosterio
1242 2457 1439 2522 Monialium
1454 2458 1543 2541 quod
1563 2459 1599 2522 in
1612 2458 1719 2543 Wyn·

431 2567 435 2587 ¹
513 2561 602 2625 tonia
618 2560 697 2625 urbe
719 2560 816 2623 situm
833 2559 901 2635 sit,
915 2574 937 2620 v
952 2608 960 2621 .
976 2558 1163 2623 tributarias
1184 2576 1314 2621 mansas
1336 2556 1509 2620 contradat
1524 2578 1533 2635 ;
1547 2556 1628 2622 alias
1642 2575 1719 2623 vero

514 2680 535 2725 v
550 2713 558 2727 .
574 2663 615 2727 ad
630 2662 861 2726 monasterium
876 2660 911 2723 in
927 2679 1130 2744 quocumque
1144 2659 1217 2742 ejus
1231 2678 1348 2741 corpus
1371 2658 1548 2742 sepulturae
1562 2659 1718 2724 traditum

514 2763 613 2827 fuerit
628 2813 638 2838 ‚
652 2782 726 2826 cum
740 2760 859 2824 mentis
868 2759 1036 2824 alacritate
1050 2766 1226 2842 utrumque
1236 2757 1470 2841 perpetualiter
1478 2759 1624 2823 tribuat.
1669 2758 1721 2824 Sit

515 2873 624 2930 autem
640 2863 829 2947 preedietma
843 2882 900 2926 rus
922 2862 1058 2925 liberum
1074 2861 1116 2925 ab
1129 2859 1252 2924 omnia²
1273 2858 1422 2923 mundali
1437 2860 1606 2926 obstaculo
1621 2913 1630 2941 ,
1643 2881 1718 2925 eum
1820 2882 1823 2887 ·

516 2964 665 3028 omnibus
680 2961 845 3026 adserito
860 2960 1098 3042 pertinentibus
1107 3009 1115 3033 ‚
1124 2959 1248 3043 campis
1259 2958 1406 3043 ,pascuis
1422 3010 1430 3035 ‚
1444 2960 1548 3042 pratis
1562 3010 1572 3036 ,
1585 2959 1720 3037 rivudis,

517 3068 652 3144 excepto
677 3058 839 3125 communi
862 3057 973 3122 labore
988 3108 997 3136 ‚
1010 3057 1217 3141 expeditione
1238 3107 1248 3136 ,
1269 3057 1380 3140 pontis
1398 3059 1523 3124 arcisve
1546 3058 1721 3124 cooedifica·
1788 3052 1792 3059 ¹

516 3161 629 3224 tione.

562 3257 598 3321 Si
612 3255 686 3341 quis
701 3255 801 3318 alium
816 3254 988 3336 antiquum
1003 3253 1122 3316 librum
1136 3254 1173 3315 in
1187 3253 1360 3337 propatulo
1374 3255 1549 3337 protulerit
1563 3307 1572 3335 ,
1585 3274 1646 3320 nec
1659 3254 1722 3321 sibi

518 3377 579 3421 nec
604 3355 678 3419 eliis
702 3352 845 3437 proficiat
863 3350 942 3427 ‚sed
968 3351 1005 3414 in
1028 3351 1225 3435 sempiterno
1250 3350 1385 3435 graphio
1411 3351 1631 3429 deleatur,ot
1647 3373 1723 3417 curu

515 3455 615 3537 justis
639 3473 705 3517 non
730 3450 892 3515 scribatur
916 3468 977 3513 nee
1003 3448 1176 3513 audiatur.
1222 3449 1258 3514 si
1280 3450 1355 3534 quis
1378 3457 1490 3515 autem
1514 3501 1523 3527 ,
1543 3450 1630 3535 quod
1656 3471 1722 3516 non

519 3561 668 3637 optamus
684 3550 790 3627 ,lianc
813 3555 957 3612 nostram
979 3547 1187 3612 donationem
1208 3548 1385 3633 infringere
1407 3549 1462 3615 vel
1487 3556 1616 3615 mutare
1638 3558 1724 3615 sata·

518 3652 619 3736 gerit,
629 3647 797 3714 horribiles
812 3646 933 3711 inferni
943 3647 1026 3710 fusci
1036 3645 1148 3710 valvas
1160 3646 1280 3711 sentiat
1294 3696 1303 3722 ,
1317 3656 1416 3732 atque
1430 3648 1593 3715 terribiles
1607 3649 1724 3714 darno-

519 3771 600 3814 num
614 3748 759 3814 cohortes
780 3744 849 3811 suis
872 3745 1041 3811 obtutibus
1056 3744 1278 3810 indesinenter
1292 3747 1430 3830 aspiciat
1444 3800 1454 3827 ,
1467 3748 1533 3814 nisi
1557 3748 1647 3833 prius
1670 3747 1725 3814 hie

519 3849 617 3935 digna
631 3846 850 3912 satisfactione
865 3844 1083 3909 emendaverit
1097 3844 1292 3928 poenitentia
1305 3853 1382 3911 ante
1395 3856 1556 3915 mortem.

567 3948 647 4013 Istis
661 3942 868 4012 terminibus⁸
882 3941 1029 4027 predicta
1041 3954 1128 4008 terra
1141 3943 1342 4009 circumdata
1352 3952 1405 4011 ost
1417 3952 1454 4011 et
1465 3945 1588 4031 girata,
1598 3947 1726 4033 antiqui

521 4047 628 4113 veraci
643 4042 818 4109 assertione
832 4041 986 4105 dixerunt
996 4062 1051 4104 :-

569 4145 633 4209 Dis
658 4149 735 4226 synt
758 4143 800 4228 ba
823 4138 1039 4224 landgemaero
1063 4144 1102 4226 be
1127 4138 1231 4227 hyra}
1256 4148 1291 4203 to
1321 4139 1519 4207 Ieabtsorda
1539 4144 1728 4223 :aerest,oi

521 4242 716 4310 Ieahtlorda
735 4244 800 4328 bret
823 4259 868 4322 up
891 4246 927 4302 to
950 4240 1035 4323 baete
1054 4237 1108 4302 dic
1122 4258 1132 4317 3
1145 4240 1209 4319 beet
1233 4241 1360 4325 ponaue
1379 4258 1422 4303 on
1436 4238 1563 4323 gerihte
1576 4249 1612 4305 to
1624 4240 1727 4307 haran

520 4343 633 4427 grafan
656 4365 666 4421 ;
686 4344 749 4426 bret
776 4342 883 4426 bonan
906 4356 949 4400 on
974 4333 1100 4421 gerihte
1122 4343 1159 4400 to
1186 4345 1300 4423 renget
1324 4339 1450 4424 borne,
1472 4344 1601 4423 bonne,
1623 4361 1668 4425 up
1692 4346 1729 4405 to

522 4438 719 4505 Hoardulles
739 4436 840 4521 hlaepe
855 4458 865 4515 ;
878 4438 985 4520 ionae
1010 4436 1071 4521 sub
1092 4440 1128 4499 to
1152 4438 1237 4522 tuere
1261 4434 1361 4499 holan
1379 4433 1434 4499 die
1456 4435 1596 4524 benibm
1612 4437 1729 4524 Velno·

468 4561 486 4597 ·.
521 4536 617 4623 byrig
632 4558 642 4617 ;
655 4540 760 4623 ponne
780 4532 865 4597 irom
887 4536 970 4619 bare
992 4530 1046 4596 dic
1069 4538 1106 4595 to
1119 4532 1279 4597 AEttanho
1295 4532 1355 4612 ‚oi
1375 4532 1538 4599 AEttanho
1559 4535 1595 4600 in
1610 4534 1730 4624 berln‘

520 4656 567 4705 ou
578 4634 714 4701 aaran
727 4680 738 4699 .

463 4762 470 4783 ⁷
553 4742 1732 4815 'fb-obntliohnd·wksatbatlonget.btolaegiordtlieg5nsthglord‚mduup

523 4820 796 4893 totbdgdmtbn
809 4818 998 4885 forth-nlius>
1014 4818 1732 4891 Euagrtwrutbsuloetb·r5bttoamkotltstys

571 4964 763 5029 tuan
841 4960 965 5033 aar„
1054 4962 1262 5028 mares.
1350 4964 1730 5031 ‘saansaan-„s
