3788 5498
391 442 457 507 502
815 461 960 510 aonuun
981 461 1025 509 ro
1043 460 1149 509 annrc
1428 440 1508 526 [an.
1521 411 1598 522 94r.

387 613 458 678 Deo
478 616 624 702 gloriam²
648 620 944 684 remuneracionem
965 616 1112 682 habeut.
1157 616 1238 681 Ideo
1259 635 1318 700 ege
1337 615 1538 679 maranes
1556 629 1599 676 ex

387 715 484 797 regali
499 719 649 802 progenie
666 719 735 783 Deo
750 725 914 781 annuente
927 723 1122 799 regenteque
1134 711 1442 797 superAugligeuas
1453 712 1599 794 aliasque
1625 727 1635 741 ·

387 811 506 877 multas
528 824 640 898 gentes
663 816 697 878 in
720 815 857 881 circuitu
880 814 1068 878 habitantes
1091 814 1161 877 ilex
1184 813 1354 876 ordinatus
1376 809 1511 875 amabili
1525 828 1600 873 aas·

386 909 467 975 sallo
482 933 553 978 meo
571 915 700 978 Anurco
715 905 867 997 fidelique
890 913 996 976 amico
1012 912 1092 975 duas
1109 920 1193 975 terre
1209 930 1339 974 mansas
1360 909 1599 992 imperpetuum
1623 951 1625 953 >

387 1007 471 1074 dono
486 1011 698 1077 hereditatem
714 1063 720 1076 .
737 1013 893 1096 quatinus
915 1009 1145 1094 temporalium
1169 1030 1278 1074 rerum
1302 1007 1416 1072 mobili
1431 1005 1601 1090 presencia

389 1115 483 1173 utens
506 1112 633 1176 fidelem
649 1111 868 1177 obedienciam
883 1132 920 1174 ac
936 1130 1049 1194 pacem
1064 1106 1264 1172 laudabilem
1279 1127 1353 1192 erga
1369 1105 1462 1190 regni
1475 1102 1600 1188 ceptra¹

390 1208 492 1272 nostri
510 1257 518 1274 .
535 1219 567 1273 et
583 1210 688 1294 regale
711 1219 858 1274 nostrum
882 1207 1001 1272 solium
1023 1206 1247 1272 eternabiliter
1269 1206 1424 1289 impetret
1438 1211 1473 1269 et
1485 1202 1600 1288 benig·

388 1305 474 1370 niter
495 1319 600 1372 seruet
616 1358 623 1372 .
640 1310 681 1372 Et
702 1315 775 1392 post
798 1307 960 1391 presentis
978 1306 1046 1370 rite
1069 1325 1239 1369 excessum
1259 1303 1327 1368 illis
1349 1302 1600 1388 quibuscunque

387 1403 526 1469 voluerit
536 1407 806 1490 subsequentibus
818 1405 879 1470 hoc
891 1405 1014 1470 donum
1024 1404 1196 1468 comeudet
1206 1412 1244 1467 ut
1255 1403 1288 1466 in
1304 1403 1457 1467 omnihus
1465 1408 1600 1485 paterne

330 1544 334 1551 -
385 1502 570 1569 obediencie
593 1504 749 1589 exemplis
772 1505 856 1568 eirca
877 1505 998 1587 regiam
1015 1502 1211 1588 dignitatem
1232 1501 1346 1566 fideles
1364 1501 1599 1566 inveniantur.

318 1670 321 1677 Δ
387 1599 450 1664 Pro
465 1622 502 1665 eo
517 1601 608 1666 illam
624 1612 742 1666 terram
759 1600 969 1685 perhenniter
984 1602 1054 1684 ipse
1070 1602 1195 1685 primus
1211 1608 1304 1685 pater
1315 1621 1389 1664 cnm
1401 1599 1471 1666 suis
1480 1599 1601 1683 quibus

385 1705 458 1782 post
473 1720 507 1764 se
522 1702 724 1765 contendant
739 1722 758 1764 a
773 1701 925 1784 progenie
942 1700 975 1763 iu
992 1699 1146 1782 progenie
1175 1750 1183 1763 .
1216 1700 1258 1763 In
1274 1698 1341 1763 illis
1356 1697 1506 1763 terminis
1528 1696 1601 1781 qui-

385 1797 447 1862 bus
461 1800 556 1883 periti
572 1801 675 1863 coloni
690 1801 793 1883 ipsius
808 1799 949 1882 regionis
964 1819 1083 1863 nomen
1099 1799 1267 1883 proprium
1283 1798 1420 1882 antiquo
1435 1797 1601 1882 proposito

386 1919 456 1963 esse
471 1899 627 1963 dimcant²
644 1899 752 1963 Sronu
768 1898 906 1982 dispono
927 1908 966 1962 ut
981 1898 1147 1982 possideat
1161 1907 1196 1962 et
1211 1904 1368 1981 perpetua
1382 1896 1512 1980 graphii
1528 1916 1601 1960 cus·

386 1997 475 2060 todia
499 2017 550 2061 me
572 1996 728 2080 largiente
757 2018 832 2062 cum
859 1998 1012 2062 omuibus
1036 1998 1280 2082 pertinentibus
1305 1997 1412 2081 ipsius
1437 1994 1601 2061 telluris.

340 2133 344 2139 -
385 2093 491 2157 efficio
514 2095 636 2178 campis
657 2147 663 2159 .
685 2096 812 2179 pratis.
832 2096 963 2178 pascuis
986 2146 995 2161 .
1017 2104 1171 2160 teneatur
1191 2146 1199 2161 .
1221 2096 1299 2160 Hiis
1325 2096 1432 2159 tribus
1456 2093 1603 2178 exceptis
1664 2104 1666 2109 '

386 2192 427 2256 ad
449 2193 589 2276 regalem
611 2194 801 2277 dignitatem
826 2194 1017 2258 necessariis
1039 2194 1252 2278 expedicione
1274 2195 1384 2278 pontis
1403 2193 1603 2284 arcisve-oo-

385 2292 573 2374 operacioue
588 2343 596 2358 .
613 2293 687 2357 Hiis
708 2314 848 2376 namquo
869 2292 1021 2357 terminis
1043 2293 1134 2356 omui
1156 2302 1249 2376 parte
1272 2293 1336 2355 sita
1356 2300 1444 2356 terra
1462 2289 1604 2356 dinosci·

390 2397 445 2454 tur
458 2412 527 2456 esse
543 2392 768 2475 circumgirata
782 2440 790 2455 .
805 2396 813 2450 t

432 2488 469 2569 Q
493 2491 547 2573 pis
569 2491 650 2555 saud
673 2495 727 2574 bes
749 2490 863 2554 landes
878 2489 890 2553 i
906 2511 995 2554 mare
1011 2499 1045 2554 at
1062 2489 1163 2554 Stoke
1183 2509 1229 2572 up
1249 2487 1371 2573 anlaug
1385 2488 1486 2573 ninge
1499 2487 1604 2556 burne

389 2590 431 2652 oa
447 2589 505 2652 aaa
520 2588 605 2653 luisc
620 2588 675 2652 lad
690 2640 697 2652 .
713 2610 755 2652 an
770 2588 847 2672 lang
863 2592 937 2674 pase
953 2587 1129 2653 richtledes
1145 2608 1189 2651 on
1204 2590 1286 2672 hane
1301 2587 1394 2667 ealde
1410 2594 1479 2653 treo
1494 2587 1604 2654 stede.

388 2693 489 2773 panau
506 2707 547 2750 an
559 2687 636 2771 lang
651 2688 746 2752 ueies
757 2709 799 2751 on
815 2688 1002 2753 stanforde.
1018 2691 1124 2775 paneu
1139 2709 1182 2751 an
1198 2687 1418 2774 laugstreaure
1432 2709 1476 2753 on
1491 2688 1606 2755 boten·

389 2784 481 2849 nelle
496 2837 503 2849 .
519 2785 582 2848 and
599 2789 634 2848 οίΙ
646 2786 742 2849 boten
758 2786 852 2851 uelle
867 2809 909 2851 on
925 2803 1051 2872 prestes
1068 2786 1157 2851 Setel
1173 2837 1181 2852 .
1196 2790 1303 2874 panca
1317 2786 1440 2872 anlang
1453 2807 1548 2872 peges
1562 2808 1606 2852 on

389 2884 606 2948 Wiuelesiord
621 2934 629 2947 .
645 2889 748 2970 barren
771 2907 816 2970 up
837 2908 881 2950 an
903 2886 981 2970 lang
1003 2887 1174 2952 mercdene
1188 2907 1275 2951 anne
1290 2886 1462 2952 stokebroc
1477 2936 1486 2953 .
1499 2891 1606 2974 barren

312 2971 314 2976 ¹
389 2982 509 3066 anlang
524 2984 668 3047 stocbroc
683 3005 725 3048 on
740 2985 983 3069 hringhebume
999 2989 1055 3071 par
1070 2986 1207 3050 inarest⁸
1220 3006 1264 3050 on
1280 2986 1358 3068 ieng
1373 2992 1383 3051 t

436 3080 651 3166 Quicumque⁴
664 3083 760 3146 istam
772 3091 891 3148 terram
906 3085 1136 3168 praesignatam
1152 3105 1230 3148 curn
1245 3104 1319 3149 mea
1334 3083 1505 3150 voluntate
1519 3104 1608 3150 mea·
1646 3081 1649 3084 ’

391 3201 454 3264 que
477 3181 703 3246 benediccione
727 3182 911 3265 benigniter
933 3191 967 3247 et
990 3183 1179 3247 humaniter
1200 3184 1263 3246 sub
1285 3183 1346 3247 tali
1362 3182 1515 3248 decreto.
1531 3182 1607 3248 tali·

391 3301 455 3365 qne
469 3280 604 3364 graphio
619 3279 805 3344 eternaliter
820 3281 1013 3345 custodierit
1022 3288 1057 3346 et
1066 3280 1168 3366 regali
1181 3300 1268 3345 more
1284 3281 1442 3345 terminos
1453 3281 1557 3365 ipsius
1571 3281 1606 3346 in

345 3405 349 3411 ·
392 3380 549 3464 ampliore
579 3379 705 3443 telluris
734 3386 888 3463 protentu
919 3379 1110 3443 dilataverit
1139 3387 1254 3443 arrctor
1283 3379 1443 3442 donomm
1472 3379 1609 3463 spiritns

392 3500 520 3543 onmem
543 3487 733 3562 praesentem
756 3478 1041 3543 conversacionem
1057 3478 1148 3542 illius
1163 3478 1254 3541 omni
1268 3476 1435 3542 hilaritate
1449 3484 1484 3542 et
1498 3498 1607 3543 rerum

392 3578 536 3640 omnium
563 3577 774 3661 prosperitate
800 3577 990 3662 magnificet
1011 3583 1045 3642 et
1061 3575 1221 3660 jocundet
1235 3626 1243 3640 .
1258 3583 1376 3660 potens
1395 3576 1432 3640 in
1454 3584 1545 3642 terra
1565 3578 1610 3643 sit

392 3696 502 3740 semen
526 3677 597 3759 ejus
613 3727 619 3739 .
635 3676 738 3759 ipsius
760 3678 930 3759 generacio
952 3676 1166 3742 benedicatur
1197 3725 1205 3741 .
1236 3675 1351 3742 Gloria
1373 3680 1408 3741 et
1429 3676 1551 3742 divicia
1572 3677 1609 3742 in

394 3774 488 3837 domo
503 3775 574 3856 ejus
588 3781 622 3838 et
633 3774 765 3858 justicia
781 3774 886 3857 ipsius
901 3782 1014 3839 manet
1029 3776 1064 3838 in
1080 3774 1237 3839 saculm
1260 3774 1371 3840 saeculi
1386 3782 1421 3840 et
1435 3782 1511 3860 post
1523 3774 1610 3842 hano

392 3871 498 3937 lucem
517 3873 725 3957 temporalem
746 3881 860 3937 eterno
882 3873 1009 3938 lumine
1035 3895 1109 3938 cum
1134 3874 1288 3939 omnibus
1309 3875 1432 3939 sanctis
1451 3875 1490 3939 in
1511 3895 1611 3960 regno

394 3971 456 4036 oeli
470 3972 676 4056 perfruantur
690 4021 697 4035 .
713 3971 755 4034 Et
775 3993 794 4036 e
815 3973 977 4036 contrario
999 3973 1152 4057 quisquis
1173 3995 1227 4039 me
1249 3974 1382 4039 nolente
1405 3995 1523 4059 meque
1536 3995 1612 4059 pro-

295 4145 298 4149 ⁴
394 4070 539 4135 hibente⁵
548 4071 670 4134 invidie
685 4070 843 4135 stimulis⁰
853 4072 996 4156 agitatus
1008 4124 1015 4136 .
1025 4079 1059 4136 et
1074 4073 1146 4155 ejus
1160 4073 1337 4138 execrabili
1352 4073 1456 4139 livore
1470 4082 1612 4140 retortus

394 4170 538 4253 ejusdem
561 4181 645 4235 terre
660 4169 896 4234 dimensionem
912 4171 1106 4235 diminuerit
1122 4223 1131 4250 ,
1145 4181 1179 4236 et
1194 4173 1256 4237 sub
1271 4173 1332 4237 tali
1347 4181 1443 4257 pacto
1458 4193 1525 4237 non
1539 4194 1612 4239 cns·

395 4269 526 4333 terdicrit
541 4319 547 4332 .
564 4290 704 4353 premens
730 4271 936 4334 conversacio
962 4270 1068 4354 ipsius
1095 4272 1131 4334 in
1153 4272 1252 4336 terris
1278 4273 1320 4337 ab
1342 4272 1433 4336 omni
1452 4272 1612 4339 bonorum

396 4367 624 4450 possibilitate⁷
640 4367 841 4432 diminuatur
859 4376 893 4432 et
912 4369 947 4432 in
966 4368 1021 4432 die
1039 4369 1151 4434 futuro
1174 4371 1372 4435 calamitatis
1394 4371 1572 4437 collocetur
1592 4393 1614 4437 a

398 4465 539 4530 sinistris
553 4487 627 4530 cum
639 4473 833 4530 tartaronum
845 4466 1006 4532 demoniis
1017 4466 1076 4532 ubi
1090 4469 1154 4533 erit
1167 4469 1265 4534 fletus
1279 4477 1315 4535 et
1328 4469 1450 4534 stridor
1459 4468 1613 4535 densium

396 4583 481 4648 pena
494 4571 604 4630 eterna
618 4565 688 4631 sine
703 4563 949 4650 paestulaeione
971 4566 1209 4633 consolacionis
1228 4568 1295 4633 nisi
1308 4568 1410 4653 digna
1423 4568 1613 4654 penitencia

444 4689 670 4752 masmae.
816 4681 964 4757 ‘'srans
1111 4693 1306 4760 mamam
1449 4694 1611 4760 ‘emus

398 4767 579 4835 ‘eunus
675 4769 827 4832 umus
927 4772 1105 4836 reuma
