3788 5498
844 426 1011 477 amnone
1032 427 1075 476 ro
1097 425 1264 477 masam.
1492 411 1575 496 [nn.
1588 427 1667 494 943.

574 577 628 663 *tle
652 580 789 666 vulfgar
802 580 893 648 dux.
943 642 947 649 ,
1151 586 1193 665 *1⁴
1214 581 1547 668 Eadperdminister.

585 682 626 761 ›1‹
650 679 826 745 AElielstan
842 680 947 746 dux'.
1148 685 1188 763 ›1‹
1212 680 1338 765 Vulfric
1351 680 1523 746 minister.

585 785 625 863 »1⁴
648 780 823 846 Eadmund
837 781 929 846 dux.
1147 784 1188 863 ᾖ
1213 780 1307 845 Odda
1321 781 1493 848 minister.
1597 775 1599 780 ’

585 882 627 961 *1⁴
651 879 749 944 Scala
763 879 854 944 dux.
1149 881 1191 960 ᾧ
1215 878 1304 942 AElla
1318 878 1491 945 minister.
1729 944 1733 953 ,

587 980 628 1059 -Χι
652 978 780 1061 sigsert
795 977 966 1043 minister.
1148 980 1190 1059 ᾧ
1213 977 1341 1059 AElfgar
1355 977 1529 1045 minister.
1642 1037 1643 1041 ,

588 1079 628 1157 ›1‹
654 1076 778 1160 Pulsrie
795 1077 965 1141 minister.
1150 1078 1192 1157 ᾧ
1217 1075 1336 1140 Oslerli
1350 1074 1443 1141 dux.

588 1178 629 1256 ιχ(
652 1174 793 1239 Faldred
808 1174 980 1240 minister.
1150 1176 1191 1254 ›1‹
1216 1173 1352 1257 Vibtgpr
1367 1173 1539 1239 minister.

590 1276 631 1354 ›1‹
654 1274 800 1338 AElfstan
815 1273 986 1338 minister.
1151 1274 1192 1352 ᾧ
1218 1269 1364 1355 Pullaige
1379 1271 1552 1338 minister.

587 1375 628 1453 ιχ(
653 1372 783 1438 Ordeah
799 1372 966 1436 minister.
1145 1372 1186 1450 ᾧ
1211 1367 1382 1451 Birhtpald
1397 1368 1573 1436 minister.

460 1534 509 1585 [Αᾶ
520 1533 600 1575 Tadu
608 1533 725 1586 nonnas,
733 1534 751 1575 ί.
760 1534 807 1576 m.
1188 1530 1238 1574 ΜΒ.
1248 1531 1318 1574 Buri.
1327 1534 1373 1580 M.
1382 1531 1401 1575 d.
1409 1532 1445 1574 0⁸.

460 1597 512 1646 [tt]
523 1596 743 1646 Harme'redltlon.
754 1597 835 1648 ΜΝ.
1190 1594 1457 1648 Mutare-14⁴0.

459 1655 512 1711 [Κ.]
527 1658 634 1707 Komble,
653 1657 704 1700 sod.
721 1658 796 1709 Diri..
812 1657 857 1699 No.
873 1666 974 1707 cecam
987 1656 1051 1699 trem

510 1720 561 1770 [k]
588 1720 661 1771 (wrm
670 1720 725 1763 dete
734 1721 749 1741 ‘⁸
755 1720 830 1762 about
838 1730 887 1764 ω.
895 1720 972 1766 W.)

460 2058 533 2124 780.
558 2058 661 2122 Gaura
680 2058 720 2140 by
745 2058 837 2140 Kiuq
862 2058 1040 2122 Eadmnad
1062 2066 1093 2121 to
1115 2058 1165 2120 tlte
1187 2058 1280 2139 liupo
1301 2057 1459 2139 AElsstaru
1483 2059 1524 2140 os
1544 2058 1626 2121 laod
1644 2065 1680 2122 ut

571 2156 696 2220 Midea
707 2178 813 2238 panae,
828 2159 863 2219 in
880 2158 932 2222 the
946 2157 1010 2220 lala
1024 2158 1064 2240 of
1075 2156 1209 2234 marra,
1222 2178 1261 2220 co.
1277 2156 1372 2219 Kent.
1409 2171 1474 2220 nn.
1492 2157 1570 2222 943.

507 2295 547 2373 ›1‹
572 2293 614 2356 In
628 2293 761 2358 *sancta'
784 2293 916 2357 nomine
941 2293 1004 2357 Dei
1027 2301 1061 2357 et
1085 2293 1210 2357 domini
1232 2293 1336 2357 nostri
1357 2293 1462 2358 Jlresu
1485 2293 1599 2358 Christ
1613 2291 1684 2358 veri

326 2423 340 2477 j
463 2392 675 2474 redemptoris
686 2391 802 2455 muudi
814 2442 821 2455 .
834 2395 934 2456 Anno
943 2412 1020 2456 vero
1030 2391 1201 2455 dominice
1213 2391 1446 2456 incarnationis
1456 2441 1465 2455 .
1477 2406 1684 2456 uococnm.

406 2581 407 2584 Ἴ
464 2491 1011 2575 Ego.srnaoxoas.nng10rum
1034 2510 1092 2554 rex
1115 2496 1362 2572 ceterarumque
1383 2490 1531 2574 gentium
1561 2491 1597 2554 iu
1622 2490 1687 2555 cir·

467 2589 558 2654 cuitu
584 2589 829 2671 persistentium
852 2638 860 2652 .
882 2590 982 2652 Anno
1005 2639 1012 2652 .
1035 2587 1090 2652 111⁰
1114 2634 1123 2652 .
1145 2587 1274 2672 imperii
1304 2589 1368 2653 mei
1390 2589 1469 2653 dum
1492 2589 1687 2674 plerumque

467 2708 630 2754 cernerem
653 2708 795 2771 sepeque
817 2687 996 2771 cogitarem
1011 2686 1052 2751 de
1067 2686 1168 2768 hujus
1191 2685 1323 2749 caducis
1341 2686 1453 2751 saculi·
1465 2687 1687 2752 transitoriis.

468 2787 629 2871 quomodo
643 2787 777 2869 superni
789 2786 911 2869 judicis
927 2787 1061 2850 arbitrio
1077 2805 1161 2849 vana
1184 2791 1302 2850 cuncta
1326 2785 1378 2850 rel
1393 2785 1558 2870 superflua
1580 2785 1689 2850 redar-

469 2898 615 2974 guuntur
630 2909 668 2953 ae
683 2889 909 2972 dissipantur.
925 2890 1016 2953 verbi
1032 2888 1138 2972 gratia
1153 2937 1161 2951 .
1176 2888 1272 2971 quasi
1286 2898 1405 2952 ventus
1419 2890 1503 2954 ueris
1517 2890 1617 2954 tlatns
1630 2899 1690 2956 aut

470 2989 663 3072 fumigantis
685 2988 770 3071 ignis
791 3008 892 3071 vapor
914 2989 957 3051 ad
979 2986 1141 3052 nichilum
1164 2995 1387 3052 evanescunt.
1403 2988 1583 3052 secundum
1605 2988 1691 3053 illud

438 3130 440 3134 -
471 3087 560 3172 quod
582 3086 749 3170 apostolus
773 3086 897 3151 Paulus
912 3087 947 3150 in
963 3086 1065 3151 sacris
1079 3086 1250 3170 scripturis
1272 3086 1359 3150 clara
1380 3086 1602 3169 predicatione
1617 3109 1691 3172 pro·

474 3185 607 3250 nuntiat·
621 3184 733 3249 dicens
751 3233 760 3248 .
775 3191 793 3216 ‘¹
803 3185 914 3248 omnia
927 3206 1001 3268 quae
1024 3184 1179 3248 videntur
1194 3183 1384 3267 temporalia
1399 3192 1477 3249 sunt
1491 3206 1565 3268 quae
1580 3196 1692 3252 autem

473 3306 539 3350 non
555 3283 710 3347 videntur
723 3281 863 3346 aterna?
879 3333 887 3346 .
908 3319 912 3328 ·
927 3283 1055 3347 Idcirco
1070 3302 1145 3346 cum
1161 3302 1320 3347 consensu
1335 3281 1539 3348 heroicorum
1548 3285 1692 3350 riromm

474 3382 626 3448 tradidi.
650 3381 789 3447 Cuidam
824 3401 897 3445 meo
931 3380 1083 3444 ministro
1117 3381 1259 3445 vocitato
1292 3381 1423 3446 nomine
1444 3430 1456 3446 .
1478 3382 1694 3449 AEnrsrtrtO.

412 3512 418 3524 ·
476 3482 637 3546 modicam
652 3479 799 3543 numinis
814 3479 879 3543 mei
894 3487 1022 3563 partem
1039 3529 1046 3543 .
1063 3478 1097 3542 id
1112 3486 1163 3543 est
1178 3529 1185 3542 .
1202 3480 1498 3564 r'1.mansasquod
1513 3481 1695 3566 Cantigene
1750 3546 1752 3550 .

477 3581 592 3646 fficurrt
607 3630 615 3643 .
631 3596 666 3643 w
683 3629 691 3644 .
707 3581 846 3661 sarlarapa
862 3629 870 3644 .
886 3578 1020 3664 agelluli
1050 3577 1249 3642 aeternaliter
1278 3577 1435 3642 tradendo
1465 3581 1611 3646 concessi
1636 3601 1696 3665 pro

478 3682 549 3761 ejus
571 3678 705 3742 amabili
721 3677 920 3742 oboedientia
935 3684 967 3741 et
983 3697 1042 3761 pro
1056 3677 1195 3760 antiqua
1214 3674 1372 3742 fidelitate
1387 3697 1487 3760 quam
1501 3678 1584 3742 mihi
1599 3680 1696 3744 meis·

465 3798 542 3862 oue
572 3776 797 3840 indeficienter
827 3775 971 3839 studiose
1001 3773 1203 3860 peragebat.
1226 3774 1293 3839 Ubi
1323 3774 1491 3839 turbarum
1522 3777 1698 3844 collatione

475 3874 670 3957 jamdudum
687 3894 806 3958 nomen
817 3873 949 3937 illatum
961 3872 1023 3937 hoc
1039 3873 1151 3937 adesse
1162 3871 1325 3956 profertur
1336 3919 1346 3936 .
1356 3889 1408 3936 Η
1418 3872 1558 3938 Mrem·
1569 3891 1699 3944 enarr.

480 3974 564 4040 Cum
579 3973 811 4055 omnibusque
826 3973 889 4036 rite
904 3971 946 4036 ad
961 3971 1143 4055 predictam
1152 3977 1272 4034 terram
1287 3971 1450 4054 pertinere
1461 3972 1699 4042 dinoscuntur.

480 4072 604 4154 campis
619 4122 627 4135 .
642 4071 773 4154 pascuis
789 4120 796 4134 .
813 4071 994 4153 seretisque
1017 4078 1152 4153 captura
1168 4069 1344 4154 piscipum¹
1360 4121 1369 4134 .
1384 4080 1423 4135 ut
1438 4071 1558 4137 babeat
1572 4095 1611 4139 ac
1625 4095 1700 4159 pos·

481 4169 585 4233 sideat
609 4167 768 4252 quamdiu
799 4167 892 4231 viva
913 4217 921 4230 .
945 4177 978 4232 et
1005 4175 1179 4252 postquam
1209 4168 1434 4234 universitatis
1463 4170 1553 4235 iiam
1582 4173 1701 4240 adierit

482 4267 678 4350 cuicumque
707 4264 850 4329 voluerit
879 4265 993 4329 heredi
1020 4266 1228 4349 derelinquat
1257 4287 1316 4331 ceu
1347 4287 1446 4351 supra
1482 4269 1628 4336 diximus
1663 4273 1702 4336 in

430 4353 451 4412 s
482 4376 642 4430 aeternum
666 4363 906 4428 hereditatem.
953 4364 1005 4428 Sit
1035 4373 1145 4428 autem
1167 4364 1360 4448 pretitulata
1381 4367 1514 4432 donatio
1535 4368 1639 4434 libera
1659 4372 1703 4435 ab

483 4466 572 4528 omni
588 4463 689 4544 regali
705 4463 839 4526 servitio
854 4469 889 4526 et
902 4462 945 4526 ab
960 4462 1068 4527 aliena
1088 4463 1266 4528 ambitione
1288 4465 1506 4530 mundialium
1528 4488 1703 4536 curarum.

484 4564 559 4629 Nisi
582 4563 671 4647 quod
698 4562 864 4627 communi
891 4560 1015 4646 populo
1040 4562 1287 4647 praesidendum
1313 4572 1365 4628 est
1385 4614 1393 4630 .
1416 4565 1452 4630 id
1474 4573 1526 4631 est
1545 4569 1703 4653 ‚pontis

1024 4656 1193 4747 maus
