3788 5498
303 672 307 681 ⁵
339 694 429 761 5801
724 711 869 760 nonuun
888 712 932 761 ro
952 713 1152 764 mmmm.
1374 695 1453 782 [an
1466 699 1543 778 9⁴⁶

337 865 562 931 reinvitaverit
575 866 649 932 ideo
663 886 740 932 vere
753 866 872 933 divicie
885 875 1039 952 suntque
1053 890 1230 953 numquam
1241 868 1410 953 decipiunt
1422 867 1546 933 haben·

337 969 406 1026 tem
420 983 481 1028 nec
495 963 530 1028 in
544 965 618 1050 ipsa
630 972 735 1030 morte
745 966 944 1030 amittuntur
953 967 1011 1032 sed
1018 968 1093 1051 plus
1106 965 1300 1031 habundant
1309 966 1389 1031 dum
1403 967 1548 1032 cernitur

335 1060 424 1144 qnod
439 1067 589 1128 amatur.

284 1145 289 1153 ’
381 1158 455 1236 Qua
475 1169 609 1245 propter
629 1161 699 1247 Ego
719 1158 926 1228 Ennwruurs¹
939 1183 997 1228 rex
1012 1164 1194 1248 Anglorum
1208 1170 1453 1247 ceterarumque
1465 1184 1546 1249 gen-

336 1255 423 1319 cium
451 1258 486 1321 in
508 1258 647 1324 circuitu
667 1261 914 1344 persistencium
935 1262 1132 1345 gubernator
1151 1270 1186 1327 et
1207 1270 1312 1326 rector
1333 1282 1405 1326 mee
1426 1260 1545 1326 dilecte

335 1355 467 1440 conjugi
493 1357 689 1423 vocitamine
715 1358 913 1423 Eranam
938 1359 1122 1424 devocionis
1145 1360 1216 1443 ejus
1237 1359 1371 1424 solercia
1392 1359 1545 1443 dignatus

334 1475 408 1520 sum
431 1457 592 1542 impartiri
607 1509 615 1522 .
631 1475 674 1524 o.
696 1480 827 1524 mansas
848 1461 883 1524 in
908 1460 966 1525 illo
987 1460 1058 1526 loco
1081 1462 1139 1526 ubi
1162 1460 1375 1544 jamdudum
1398 1459 1544 1525 sollioolc

334 1553 426 1618 illius
436 1556 576 1639 regionis
592 1578 710 1622 nomen
725 1558 969 1642 imposuerunt.
982 1576 1025 1623 Ατ
1040 1560 1254 1624 Dementiam,
1267 1580 1342 1624 cum
1353 1609 1361 1623 .
1371 1558 1542 1625 Mertone.

334 1659 368 1716 et
383 1652 617 1739 Pentringtoua
632 1705 640 1720 .
655 1655 715 1719 tali
731 1662 840 1720 autem
850 1664 962 1721 tenore
975 1656 1033 1720 ho²
1047 1658 1171 1741 prefate
1183 1657 1406 1722 munificencia
1420 1676 1542 1722 munus

332 1749 491 1816 tradendo
505 1755 648 1818 concessi
663 1762 700 1819 ut
714 1753 878 1838 possideat
891 1761 927 1819 et
941 1755 1076 1819 firmiter
1089 1762 1199 1820 teneat
1212 1776 1315 1839 usque
1329 1755 1371 1820 ad
1385 1754 1540 1819 ultimum

332 1868 464 1914 cursum
480 1852 549 1917 vito
570 1873 629 1917 sue
651 1874 727 1918 cum
752 1853 904 1917 omnibus
923 1853 1198 1938 utensilibusque
1224 1853 1315 1919 Deus
1341 1852 1484 1918 celorum
1504 1853 1542 1917 in

332 1945 404 2029 ipso
415 1948 543 2015 telluris
552 1951 699 2035 grarmne
707 1952 831 2016 creavit
844 1958 913 2016 tam
923 1952 960 2015 in
970 1952 1105 2016 modicis
1117 1952 1224 2018 carreis
1234 1973 1333 2036 qnam
1347 1952 1383 2016 in
1399 1951 1544 2037 magnis.

332 2047 458 2131 campis
472 2099 480 2113 .
496 2048 673 2133 paschuis.
694 2050 797 2134 pratis
819 2099 829 2116 .
854 2049 947 2114 silvis
968 2098 977 2114 .
1000 2050 1125 2115 donans
1149 2050 1276 2115 donabo
1299 2050 1485 2116 libertatem
1507 2057 1544 2115 et

330 2151 506 2230 postquam
530 2147 666 2212 humani
688 2148 817 2233 generis
831 2147 1042 2232 fragilitatem
1063 2147 1243 2213 desemerit
1262 2155 1297 2213 et
1317 2147 1359 2212 ad
1380 2145 1543 2212 desidera·

331 2242 432 2308 bilem
453 2247 671 2328 jocunditatis
685 2248 773 2311 viam
798 2268 858 2332 per
881 2247 1025 2332 graciam
1051 2247 1182 2330 superni
1204 2246 1325 2329 judicis
1346 2245 1465 2310 adierit
1483 2265 1544 2329 pro

331 2346 498 2409 communi
513 2355 698 2410 nostrarum
710 2347 878 2431 erepcione
886 2346 1069 2410 annuarum
1083 2354 1118 2411 et
1131 2345 1330 2410 abstemione
1341 2344 1542 2430 piaculorum

330 2440 372 2504 ad
395 2443 567 2508 ecclesiam
581 2452 748 2510 vetustam
762 2445 857 2510 beate
871 2445 936 2509 Dei
949 2444 1117 2530 genitricis
1138 2444 1243 2509 Maria
1265 2445 1301 2508 in
1323 2444 1542 2510 monastario.

330 2538 553 2625 Glastingensi
571 2594 578 2609 .
593 2542 801 2627 derelinquat
813 2543 996 2627 precipiens
1009 2540 1044 2605 in
1060 2542 1190 2607 nomine
1205 2549 1315 2607 sancta
1329 2540 1488 2607 trinitatis
1501 2546 1542 2607 ut

331 2659 661 2709 uemosuocessorum
684 2654 868 2710 nostrorum
888 2665 1001 2729 regum
1017 2643 1069 2710 vel
1090 2644 1230 2728 aiicujus
1242 2644 1360 2729 gradus
1376 2644 1429 2709 vol
1442 2643 1543 2710 unius

329 2739 423 2823 pedis
452 2741 691 2827 longitudinem
715 2744 757 2809 de
782 2743 969 2829 supradicto
993 2742 1083 2808 ruun¹
1112 2743 1155 2807 ab
1183 2742 1242 2807 illa
1270 2750 1384 2808 sancta
1408 2741 1545 2809 ecclesia

330 2842 497 2910 ullatenus
511 2846 639 2912 auferat
653 2897 662 2913 .
677 2846 742 2912 Sed
761 2846 866 2910 fixum
884 2845 949 2910 hoc
970 2843 1091 2909 donum
1113 2852 1148 2909 et
1168 2844 1430 2910 monasterialem
1444 2865 1542 2911 usum

331 2950 542 3024 permaneat.
1144 3023 1148 3031 ι

376 3040 412 3104 Si
438 3042 614 3126 quievero
642 3064 715 3109 mee
743 3042 906 3128 largitatis
933 3040 1145 3106 tradicionem
1169 3061 1358 3108 conservare
1382 3042 1542 3128 achugare

330 3137 474 3204 uoluerit
487 3139 648 3225 adaugeat
669 3142 877 3226 omnipotens
890 3142 983 3206 Deus
996 3140 1068 3224 qui⁸
1082 3160 1251 3225 prosperos
1265 3140 1335 3206 dies
1348 3141 1385 3205 in
1398 3142 1542 3225 presenti

331 3237 441 3302 seculo
456 3248 491 3304 et
504 3239 540 3303 in
556 3240 669 3304 futuro
688 3260 765 3305 cum
776 3240 877 3323 justia
898 3238 1021 3327 premia
1041 3245 1153 3303 eterne
1174 3238 1342 3303 felicitatis
1362 3238 1541 3306 concedat.

331 3334 367 3400 si
383 3335 458 3420 quis
479 3357 554 3422 ergo
576 3345 657 3403 tunc
678 3358 746 3402 non
769 3338 896 3403 utinam
918 3345 988 3402 tam
1013 3336 1119 3400 audax
1144 3356 1183 3402 ac
1206 3336 1392 3421 necgligens
1411 3337 1470 3402 fiat
1483 3337 1542 3423 qni

331 3452 443 3498 meum
458 3434 580 3499 donum
596 3435 774 3520 infringere
788 3456 846 3501 seu
862 3435 989 3500 imitare
1009 3441 1175 3519 presumat
1191 3435 1365 3499 anathema
1378 3443 1414 3501 et
1427 3455 1543 3521 expers

330 3531 460 3597 celestis
478 3535 569 3618 regni
592 3536 636 3600 sit
658 3536 721 3600 uisi
738 3535 835 3619 digne
856 3543 934 3600 ante
955 3533 1192 3618 reputacionem
1208 3532 1332 3619 fragilis
1353 3534 1495 3617 corporis
1508 3541 1544 3599 et

330 3631 435 3696 eterni
450 3633 586 3715 spiritus
601 3634 824 3699 emendaverit
833 3633 896 3699 hec
908 3633 1054 3718 predicta
1064 3639 1151 3696 terra
1164 3631 1267 3698 libera
1281 3632 1324 3697 ab
1337 3632 1429 3697 omni
1441 3630 1543 3717 regali
1626 3640 1630 3649 '

329 3729 467 3794 servicio
481 3739 634 3797 maneat.
650 3730 812 3816 Excepto⁸
825 3730 1035 3816 expedicione
1046 3729 1194 3815 arcisque
1208 3730 1448 3797 constructione
1461 3749 1544 3815 pon·

328 3826 414 3892 tisve
429 3827 517 3912 quod
531 3830 684 3895 omnibus
698 3850 871 3896 commune
883 3837 958 3897 oet.

371 3926 432 4007 Dis
451 3927 531 3992 beth
553 3928 779 4015 pelandmere
792 3928 831 3994 oi
847 3926 1069 3994 Domcrham.
1089 3935 1125 3994 at
1145 3930 1221 4015 pare
1236 3925 1332 3992 aissh'
1349 3932 1386 3991 at
1403 3946 1544 4013 penaga·

328 4024 419 4090 forde
434 4026 518 4091 from
532 4029 596 4109 pau
610 4027 703 4093 stede
716 4026 975 4112 andlangbrokea
988 4034 1024 4092 to
1037 4026 1088 4114 pia
1101 4025 1251 4092 erlisford
1272 4026 1308 4090 ot
1328 4028 1395 4112 pan
1409 4024 1492 4090 ford·
1505 4031 1543 4090 to

325 4123 526 4190 brinesforde
540 4125 607 4191 and
620 4146 657 4192 so
671 4125 833 4211 endelnng
853 4126 1040 4191 memborne
1061 4135 1096 4190 to
1116 4129 1192 4212 pare
1207 4123 1314 4209 heghe
1334 4123 1458 4208 bragga
1471 4122 1538 4188 and

326 4230 384 4286 soa
404 4222 565 4308 eudelnng
578 4224 628 4311 tis
641 4222 715 4289 elde
729 4227 836 4312 weyee
848 4230 886 4289 to
899 4221 1074 4289 brocliiord
1095 4222 1161 4288 and
1181 4221 1246 4288 end
1265 4220 1344 4306 lang
1363 4218 1541 4286 brocliioud

328 4325 365 4384 to
386 4319 511 4405 pulcre
534 4321 598 4386 and
621 4342 659 4386 ao
677 4321 839 4406 endalang
859 4324 917 4409 ter
933 4321 1010 4386 wite
1030 4320 1095 4385 lak'
1112 4341 1160 4406 up
1180 4340 1223 4385 on
1247 4318 1452 4404 kingberwea
1475 4316 1544 4384 and

328 4419 435 4503 panne
450 4420 517 4508 ri3t
530 4440 577 4503 up
590 4440 634 4483 an
648 4419 847 4486 brokhurste
860 4420 927 4485 and
941 4420 1025 4485 ende
1034 4416 1110 4505 lang
1124 4423 1199 4505 pare
1211 4417 1288 4483 lake
1303 4425 1338 4482 to
1352 4415 1427 4482 ther
1439 4415 1543 4484 hide.

330 4515 366 4579 ot
387 4514 575 4602 lospushale
596 4517 664 4583 and
686 4518 778 4585 sobi
799 4517 944 4607 talayate
964 4538 1008 4583 an
1028 4520 1134 4606 taum
1154 4525 1191 4583 to
1213 4520 1269 4604 par
1291 4514 1369 4581 dich
1390 4514 1426 4580 bi
1439 4522 1542 4583 waste

330 4612 503 4680 widemere
517 4613 584 4679 and
598 4635 655 4679 eoa
666 4614 751 4682 ende
763 4615 843 4701 lang
856 4616 964 4702 riggea
978 4624 1013 4681 to
1027 4616 1138 4701 aptate
1152 4613 1218 4680 and
1231 4614 1314 4679 from
1328 4616 1450 4702 upyate
1460 4612 1544 4680 aude

328 4707 406 4795 lang
420 4710 498 4775 dich
512 4719 548 4777 to
562 4712 724 4801 widcyate
737 4721 798 4778 ant
811 4717 919 4799 panna
932 4721 969 4779 to
982 4716 1045 4801 pun
1058 4734 1136 4799 pore
1149 4711 1215 4778 aud
1228 4715 1334 4801 tanne
1349 4732 1387 4778 so
1406 4718 1444 4777 to
1456 4718 1545 4777 oote-

394 4884 1037 5025 warmaciensem-meu&
1204 4888 1477 4953 ‘aemam
1583 4857 1587 4864 ’

767 5014 775 5023 -
890 4972 944 5035 ⁸⁸⁸²·
