3788 5498
341 445 342 448 ’
412 435 480 500 att
797 446 993 496 arsarsrsn
1013 446 1085 518 asu
1107 447 1233 496 namra
1449 434 1528 519 [ao.
1542 430 1619 517 9332

413 603 481 670 solo
505 601 654 687 quamvis
680 596 874 667 universam
888 601 1016 666 oousmi
1036 582 1153 669 seriem
1181 581 1320 687 quisque
1345 604 1469 670 sollerti
1496 605 1619 670 mantis

413 700 562 768 acumine
576 697 749 783 perlustret
764 707 933 783 expertem
944 700 1084 782 reperiet
1094 700 1203 766 debite
1213 701 1326 765 mortis
1334 702 1482 770 extitisse
1492 753 1500 769 .
1510 702 1617 768 illam-

413 821 477 885 que
493 799 581 882 juste
596 796 779 862 severitatis
794 797 991 862 sententiam
1007 798 1199 882 protoplasti
1214 799 1482 882 prevaricacionis
1497 820 1617 865 noxam

413 895 553 961 delatam
573 894 711 959 evasisse
731 902 769 959 ut
788 895 930 959 dicitur!
945 894 1018 960 “et¹
1038 896 1072 961 in
1095 904 1215 960 terram
1237 896 1299 959 ibis
1314 947 1321 960 .
1337 896 1446 980 pulvis
1465 918 1501 963 es
1524 905 1559 964 et
1579 897 1617 963 in

321 1011 326 1019 '
414 995 581 1078 pulverem
596 993 794 1057 reverterat

458 1092 661 1175 Quapropter
684 1111 742 1174 ego
771 1093 993 1176 diruamus
1016 1092 1087 1156 Rex
1111 1091 1223 1156 divina
1247 1093 1375 1157 favento
1395 1095 1498 1178 gratia
1513 1095 1619 1160 tocius

415 1192 582 1255 Britannia
604 1188 783 1274 privatum²
799 1188 916 1271 regalis
938 1190 1106 1274 regiminis
1127 1190 1277 1254 obtinens
1299 1199 1424 1274 partem
1446 1191 1531 1255 ruris
1545 1213 1618 1275 pro·

415 1290 476 1374 prii
488 1289 571 1373 juris
586 1288 652 1352 mei
673 1287 800 1352 dicione
822 1287 991 1351 subactam
1008 1288 1043 1351 in
1059 1289 1184 1353 fervore
1199 1289 1316 1352 amoris
1331 1288 1421 1353 illius
1435 1290 1492 1372 qui
1507 1290 1618 1356 dixit.

412 1396 428 1420 '⁸
442 1387 540 1452 Date⁸
554 1395 588 1452 et
609 1386 741 1449 dabitur
757 1386 891 1449 vobis’'!
908 1393 943 1449 ct
958 1407 1016 1470 pro
1032 1387 1149 1451 ‹lovoto
1165 1386 1325 1450 famulatu
1340 1409 1359 1468 Ἰ
1375 1386 1462 1451 fideli
1484 1387 1620 1453 servicio

414 1489 520 1553 libens
542 1485 724 1572 perpetuali
746 1486 897 1551 libertate
919 1487 1095 1551 tribuendo
1117 1487 1264 1550 condono
1280 1489 1426 1552 Anrnrco
1446 1486 1534 1552 fideli
1549 1508 1622 1553 mao

416 1589 451 1651 in
467 1587 595 1652 Christo
611 1585 760 1649 ministro
776 1605 796 1667 J
812 1584 964 1668 episcopo
980 1601 1023 1649 v,
1040 1605 1170 1649 mansas
1191 1586 1226 1648 in
1245 1585 1317 1650 loco
1332 1585 1389 1669 qui
1404 1584 1529 1670 vulgari
1552 1585 1622 1650 dio·

415 1686 506 1749 cione
521 1692 554 1748 et
568 1682 765 1768 appellativa
779 1682 941 1757 relacione
957 1690 1167 1766 nuncupatur
1181 1699 1223 1745 nr
1237 1684 1377 1746 Ancum
1391 1733 1399 1748 .

461 1783 503 1845 Et
517 1782 585 1861 Ego
600 1783 772 1844 Anrmous
786 1781 957 1863 episcopus
971 1779 1055 1844 dabo
1071 1780 1145 1843 illos
1168 1796 1189 1841 v
1209 1800 1337 1844 mansas
1361 1778 1619 1868 Bronrnwppe

416 1881 482 1943 filia
497 1878 667 1942 Wlibelmi
682 1898 745 1961 que
760 1878 825 1941 luit
839 1899 922 1941 uxor
936 1878 1045 1942 imtris
1069 1878 1159 1942 illius
1185 1879 1360 1943 Beorlrtere
1375 1899 1450 1942 cum
1464 1881 1616 1946 omnibus

417 1978 457 2042 ad
472 1998 507 2042 se
520 1977 582 2042 rite
596 1976 835 2060 pertinentibus
857 1967 982 2060 campis
1004 1976 1097 2041 silvis
1112 1977 1332 2060 silvarumque
1347 1977 1557 2042 nemoribus.
1573 1977 1635 2061 Vt

418 2077 478 2142 hec
506 2096 655 2160 prospera
685 2073 848 2157 possideat
874 2094 913 2138 ac
936 2074 1125 2140 eternaliter
1146 2083 1258 2140 teneat
1280 2126 1287 2139 .
1311 2070 1394 2139 dnr'n
1412 2071 1547 2160 h[unc]‘
1569 2063 1650 2141 evi*

419 2174 540 2257 fragilia
554 2192 682 2238 cursum
698 2172 746 2234 uti
762 2171 919 2237 audebit.
934 2183 1010 2255 post
1026 2194 1060 2238 so
1076 2181 1185 2238 autern
1196 2173 1299 2238 veluti
1310 2174 1540 2239 affirmavimus
1555 2175 1625 2239 cui·

419 2291 555 2354 cumque
571 2269 709 2333 voluerit
729 2267 841 2333 heredi
863 2269 1070 2353 derelinquat
1092 2292 1151 2335 eeu
1172 2272 1413 2355 supradiximus
1428 2273 1462 2336 in
1477 2279 1623 2338 eternam

419 2369 654 2434 hereditatem}
676 2368 750 2431 Fiat
765 2366 867 2432 enim⁵
880 2370 1011 2454 prelata
1033 2377 1119 2433 terra
1140 2368 1183 2432 ab
1205 2369 1294 2432 omni
1309 2369 1419 2433 seruili
1430 2371 1508 2454 jugo
1522 2371 1625 2438 libera

421 2490 495 2532 cnm
517 2468 665 2532 omnibus
687 2466 750 2530 sibi
772 2475 858 2530 recte
881 2467 1122 2550 pertinentibus
1135 2468 1282 2552 exceptis
1297 2467 1361 2532 hiis
1376 2469 1478 2534 tribus
1493 2470 1626 2554 expedi·

422 2571 514 2635 cione
534 2570 643 2655 pontis
665 2569 789 2634 arcisve
811 2569 1057 2634 coedificacione
1073 2620 1081 2635 .
1095 2569 1193 2634 Hanc
1215 2589 1291 2634 vero
1313 2569 1504 2653 prolativam
1526 2570 1626 2637 dona·
1655 2601 1660 2616 ·

422 2670 547 2734 cionem
568 2667 750 2731 sublimiter
764 2688 783 2730 a
798 2675 891 2751 patre
914 2667 1079 2731 luminum
1101 2667 1290 2751 instigatam
1311 2669 1460 2752 quisquis
1475 2670 1627 2735 benivola

423 2788 461 2832 ac
476 2765 563 2830 fideli
577 2772 686 2830 mente
701 2765 848 2848 augendo
863 2765 1062 2849 amplificare
1077 2766 1231 2850 satagerit
1242 2775 1358 2850 augeat
1367 2768 1544 2851 amplificet
1554 2769 1628 2853 qui⁸

425 2863 650 2946 cunctiparens
671 2862 798 2945 genitor
819 2863 854 2925 iu
875 2862 939 2926 hoc
959 2864 1103 2946 presenti
1125 2863 1236 2928 seculo
1250 2865 1351 2927 uitam
1367 2864 1456 2930 illius
1470 2916 1477 2931 .
1493 2874 1528 2930 et
1549 2887 1627 2932 cum

426 2962 494 3026 suis
522 2959 673 3024 omnibus
709 2979 863 3043 prospera
900 2959 1040 3025 feliciter
1067 2960 1254 3044 longiturna
1283 2962 1351 3025 vite
1379 2963 1496 3046 gaudia
1530 2971 1565 3029 et
1593 2965 1629 3030 in

427 3061 537 3124 laturo
554 3108 562 3122 .
582 3057 694 3121 audiat
716 3056 808 3120 illam
830 3055 1029 3122 dominicam
1052 3078 1164 3122 vocem
1186 3057 1348 3125 dicentem
1369 3059 1431 3123 sibi
1446 3105 1456 3124 .
1469 3061 1630 3126 “Venitel

427 3160 589 3227 benedicti
625 3159 727 3242 patris
761 3160 825 3223 mei
860 3160 1019 3244 percipite
1056 3179 1192 3243 regnum
1229 3159 1315 3242 quod
1352 3160 1444 3225 vobis
1478 3171 1629 3244 paratum

427 3268 478 3324 est
506 3259 547 3323 ab
576 3258 698 3341 origine
727 3257 861 3320 mundi’'
884 3307 892 3322 .
919 3258 1150 3322 Minuentibus
1180 3278 1256 3322 vero
1284 3265 1382 3341 atqua
1408 3259 1631 3342 frangentibus

427 3358 512 3422 hanc
534 3354 744 3420 donacionem
767 3354 854 3438 qnod
880 3369 959 3438 opto
985 3356 1114 3419 absita
1139 3354 1285 3419 fidelium
1315 3356 1479 3419 mentibus
1493 3406 1501 3420 .
1515 3357 1631 3423 tenat⁸

427 3476 502 3541 pars
523 3473 634 3517 eorum
657 3472 731 3516 curn
752 3451 820 3515 illis
841 3450 883 3516 de
904 3453 1025 3535 quibus
1040 3467 1059 3516 e
1074 3460 1185 3516 contra
1201 3452 1288 3515 latur
1302 3502 1309 3516 .
1325 3459 1341 3484 ‘⁸
1352 3452 1530 3518 Discedite⁹
1543 3475 1563 3519 a
1577 3476 1631 3521 me

428 3551 592 3617 maledicti
607 3551 641 3613 in
657 3551 766 3634 ignem
781 3559 930 3614 eternum
945 3550 1002 3633 qui
1017 3559 1151 3634 paratus
1166 3558 1216 3614 cst
1235 3548 1375 3613 Satlrane
1390 3558 1425 3613 et
1438 3551 1632 3639 corumpi]-

428 3654 489 3717 bus
511 3649 597 3733 ejns”
611 3697 619 3712 .
635 3648 710 3712 Nisi
725 3647 816 3731 prius
831 3647 930 3730 digna
945 3647 1017 3712 Deo
1031 3648 1217 3732 penitencia
1231 3647 1360 3711 veniam
1373 3646 1471 3730 legali
1486 3651 1633 3714 satisfac·

427 3752 518 3815 cione
529 3745 717 3813 emendent.
729 3743 834 3809 Istis¹⁰
842 3745 1039 3809 terminibus
1053 3745 1207 3829 praedicta
1222 3752 1307 3808 terra
1322 3743 1546 3827 circumgirata
1560 3767 1631 3812 esse

428 3849 577 3913 videtur.
594 3847 679 3908 Acta
702 3853 752 3908 est
777 3843 905 3928 prelata
927 3843 1065 3907 donacio
1087 3863 1174 3906 anno
1195 3842 1238 3905 ab
1259 3841 1483 3906 incarnacione
1505 3843 1631 3909 domini

429 3946 530 4011 nostri
544 3943 649 4008 Jhesu
665 3942 787 4007 Christi
802 3957 825 4006 n
840 3993 848 4007 .
863 3958 946 4007 ccoc
960 3991 968 4005 .
984 3956 1093 4005 xxrnx
1107 3991 1115 4005 .
1127 3939 1312 4004 Indictione
1326 3986 1334 4001 .
1349 3941 1422 4001 xn!

473 4044 526 4130 pis
549 4048 622 4106 seut
648 4045 688 4127 pa
706 4040 785 4104 land
807 4041 910 4106 inuare
931 4049 968 4105 to
988 4039 1103 4103 archet
1124 4042 1198 4124 pare
1213 4043 1345 4101 westere
1360 4035 1398 4098 fif
1418 4034 1495 4100 hide
1510 4088 1519 4103 .
1532 4037 1634 4102 Arest

430 4141 582 4227 suthpard
605 4139 641 4203 oi
664 4139 874 4204 ealdmannes
896 4138 996 4223 pyrde
1018 4144 1054 4200 at
1076 4134 1276 4219 langhecgan
1298 4141 1333 4198 to
1354 4133 1489 4218 sugging
1514 4133 1632 4200 made.

430 4245 511 4325 pane
531 4259 573 4302 on
589 4287 596 4302 .
611 4238 623 4301 i
638 4288 646 4303 .
662 4236 767 4302 richte
781 4245 817 4301 to
831 4236 965 4301 atirthel
980 4255 1023 4299 on
1037 4237 1120 4321 bane
1135 4233 1185 4298 alr
1199 4235 1342 4319 benepen
1358 4230 1507 4297 scealden
1522 4232 1632 4316 lorii)

430 4341 533 4422 panen
554 4334 672 4419 anlang
693 4334 845 4419 higpeges
866 4337 891 4419 p
912 4334 950 4398 of
968 4332 1137 4419 higepeges
1159 4331 1243 4396 ande
1264 4328 1423 4396 funtemel
1443 4332 1503 4418 luy
1520 4330 1634 4397 akeres

480 4528 669 4592 mamm
752 4513 754 4517 ’
794 4529 978 4591 ¹1·st
993 4527 1028 4581 κ.
1155 4525 1345 4588 musaea.
1461 4527 1585 4593 mura,
1599 4527 1635 4582 κ.

432 4614 562 4667 ‘datm
573 4608 609 4660 l(-
754 4607 894 4674 ⁶·estqus,
910 4608 946 4661 Κ.
1100 4608 1204 4662 'usta
1216 4610 1329 4672 uadi.
1490 4608 1635 4668 'sam

431 4695 536 4745 ’Usta
547 4691 659 4748 nati.
756 4687 779 4722 ¹⁹
793 4689 977 4742 Thisudtbs
989 4691 1122 4757 lollowing
1132 4688 1572 4755 „omassum-dirruens&
