3788 5498
271 408 337 457 aa.
351 392 440 478 942]
632 468 635 474 ,
660 409 827 459 mnumn
848 408 891 458 ro
912 407 1104 457 srrmmrm

270 760 341 826 778.
367 760 469 823 Orant
492 762 530 842 by
544 762 636 842 Kinq
651 762 828 824 Eaclmaad
842 768 872 824 to
888 761 937 823 tlte
950 760 1101 842 religioaca
1121 780 1242 822 worm
1258 754 1426 839 sarrya,
1438 771 1472 836 o)

402 859 482 920 [aaut
492 867 525 922 at
546 857 780 942 ll'iaecaasrlda
793 861 861 922 aad
870 858 1018 935 Saetaba,
1028 879 1064 920 or
1077 857 1246 940 Wr'alfield
1252 856 1321 919 aad
1329 853 1478 937 Suriam,

309 1017 313 1024 .
402 978 442 1020 co.
458 958 560 1022 Beria
606 974 669 1022 au.
684 960 759 1023 942
963 961 965 965 ’

385 1094 510 1159 carrera¹
532 1097 639 1160 ers
663 1097 848 1160 sanai-sm
870 1111 915 1159 nn
930 1095 1137 1159 tt‘mrrrmn
1159 1117 1179 1177 ]
1202 1094 1379 1158 sius-rm.

322 1215 486 1298 Regnante
502 1217 745 1301 inperpetuum
761 1218 892 1282 domino
908 1225 1017 1281 nostro
1030 1218 1053 1281 J
1055 1219 1134 1281 hesu
1150 1217 1277 1283 Christo
1293 1263 1302 1282 .

322 1313 534 1379 Manifestum
557 1327 607 1379 est
629 1318 756 1381 cunctis
771 1317 857 1399 (prod
880 1317 990 1379 omnia
1011 1315 1141 1380 celestia
1162 1323 1195 1380 et
1220 1312 1383 1378 terrestria
1406 1331 1481 1396 pro-

279 1411 422 1477 videntia
436 1414 497 1478 Ilei
512 1414 736 1497 gubernantur
746 1436 809 1498 que
825 1413 1008 1478 sollicitudo
1024 1414 1168 1478 mortalis
1179 1415 1244 1478 tite
1262 1413 1340 1476 totis
1354 1411 1480 1475 nisibus

280 1510 315 1572 in
330 1531 472 1575 carorum
495 1513 737 1597 amicorumque
760 1513 932 1577 amissione
952 1513 1159 1596 conqueritur
1172 1532 1210 1576 ac
1224 1511 1361 1576 defletur
1375 1558 1385 1575 .
1400 1509 1480 1574 Ideo

280 1608 376 1672 certis
402 1609 724 1692 adstipulationibus²
751 1611 876 1675 mellita
902 1611 1031 1675 oracula
1061 1611 1171 1679 dimne
1195 1610 1399 1674 clamationis
1423 1628 1483 1673 nos

284 1705 527 1790 imquentatitis
549 1709 762 1772 οιτιῑίουίὶιιιε3
779 1709 987 1772 suadet⁴.>11t
1008 1729 1082 1772 cum
1107 1708 1158 1772 his
1182 1708 1327 1791 iugitim's
1352 1716 1396 1771 et*
1414 1706 1484 1771 sinc

283 1803 381 1868 dubio
416 1807 611 1870 transitoriis
647 1805 915 1889 possessiunculis
948 1807 1071 1891 jugiter
1108 1827 1258 1870 mansura
1295 1825 1393 1890 regua
1421 1805 1485 1871 Dei

285 1904 433 1988 suffragio
447 1904 656 1988 adipiscenda
670 1915 748 1970 sunt
763 1955 771 1970 .
1520 1972 1528 1994 ,

329 2001 452 2066 Idcirco
466 2023 525 2087 ego
543 2003 777 2067 Eantttxuts⁵
802 2024 858 2066 rex
875 2002 1055 2086 Anglorum
1077 2015 1320 2086 ceterarumque
1340 2001 1488 2086 gentium

286 2099 320 2162 in
335 2101 470 2164 circuitu
486 2102 730 2185 persistentium
746 2103 874 2165 cuidam
891 2102 1036 2186 religiose
1053 2103 1172 2166 femine
1187 2102 1325 2166 vocitata
1340 2102 1487 2167 nomine.

287 2197 457 2285 Saputpsfl
473 2250 480 2264 .
497 2200 656 2263 raodimm
673 2201 817 2264 numinis
833 2201 897 2265 mei
912 2211 1035 2284 panaria
1051 2201 1150 2265 idest
1171 2201 1320 2266 undecim
1335 2248 1344 2265 .
1359 2221 1490 2266 marma

288 2297 418 2380 agelluli
439 2298 628 2362 eternaliter
648 2298 807 2363 tradendo
826 2301 995 2366 concessi.
1018 2321 1075 2383 pro
1093 2300 1180 2364 illius
1201 2320 1307 2365 amore
1325 2301 1385 2385 qui
1406 2300 1492 2365 dixit

289 2396 402 2459 “Date
424 2401 457 2460 et
479 2394 609 2458 dabitur
634 2397 765 2462 robis’'.
793 2398 848 2460 ubi
877 2398 1044 2462 turbamur
1068 2398 1238 2464 collatione
1260 2448 1267 2462 .
1289 2397 1491 2463 Jamdudum
1575 2466 1578 2471 ,
1620 2466 1624 2476 ,

288 2513 406 2557 nomeu
422 2492 550 2556 illatum
565 2494 626 2559 hoc
641 2495 753 2560 adesse
767 2494 940 2579 *profertur
953 2542 961 2561 .
974 2513 1024 2560 atr
1038 2496 1205 2561 W1xacau·
1220 2512 1345 2560 mna,
1361 2497 1427 2560 and
1440 2512 1492 2562 aa

294 2590 384 2654 sum
399 2589 486 2653 aad.
502 2599 540 2654 vt
557 2598 676 2655 terram
697 2594 767 2675 jam
786 2594 944 2676 prefatam
966 2615 1039 2659 meo
1061 2594 1183 2659 scilicet
1200 2603 1317 2659 orante
1338 2614 1493 2661 concessu
1561 2592 1567 2609 “

293 2692 478 2757 tramitibus
508 2713 565 2758 sue
595 2694 760 2777 possideat
783 2697 883 2760 tite.
913 2703 947 2761 et
973 2706 1048 2780 post
1073 2717 1108 2761 se
1137 2697 1325 2781 cuicumque
1354 2697 1495 2762 voluerit

293 2791 403 2856 heredi
418 2791 621 2877 derelinquat
640 2794 677 2857 iu
699 2806 844 2858 etemam
860 2793 1071 2859 hereditatem
1094 2795 1226 2878 majore⁸
1240 2795 1411 2860 minorive⁹
1424 2815 1495 2880 per·

295 2913 393 2957 sone.
438 2892 488 2955 Sit
507 2898 617 2956 autem
641 2892 788 2975 predicta
809 2900 895 2957 terra
909 2892 1012 2957 libera
1027 2914 1103 2957 cum
1118 2892 1267 2958 omuibus
1285 2913 1348 2977 que
1370 2893 1432 2958 rite
1454 2893 1497 2958 ad

294 2991 426 3075 ipsum¹⁰
435 2992 594 3075 pertinere
606 2990 838 3054 ‹unoscuntur.
848 2992 970 3075 atrapis
982 3040 990 3054 .
1000 2992 1145 3075 pascuis.
1161 2990 1497 3056 siu·is.etundecim¹¹

295 3097 417 3174 segetes
428 3090 544 3174 prate12
554 3090 588 3152 in
598 3090 670 3153 loco
685 3089 742 3152 ubi
758 3089 879 3153 dicitur
889 3089 997 3155 Hdces
1008 3088 1157 3157 hamm¹³.
1168 3096 1300 3173 excepto
1311 3090 1383 3155 istis
1393 3090 1498 3156 tribua

299 3189 504 3274 expeditione
519 3189 630 3272 pontis
644 3188 768 3252 arcisve
783 3187 1045 3265 constmctione.

341 3288 382 3351 Sc
401 3289 475 3371 quis
489 3307 565 3350 vero
587 3286 675 3369 quod
695 3307 762 3349 non
784 3296 937 3369 optamus
959 3294 1071 3349 contra
1094 3292 1239 3348 nostrum
1258 3283 1320 3348 hoc
1334 3282 1499 3351 decretam

299 3385 474 3449 machinari
483 3385 536 3448 rel
551 3385 729 3466 intringere
744 3385 868 3468 aliquid
879 3384 1019 3448 voluerit
1031 3435 1038 3446 .
1051 3384 1133 3448 sciat
1143 3405 1176 3448 se
1187 3384 1345 3447 rationem
1358 3387 1500 3468 graviter

298 3484 498 3549 redditurum
513 3483 548 3544 iu
564 3481 617 3546 die
627 3484 744 3564 judieii
761 3493 837 3547 ante
853 3482 996 3546 tribunal
1012 3481 1136 3547 domini
1150 3483 1212 3546 nisi
1228 3482 1317 3566 prius
1332 3482 1386 3546 hic
1400 3483 1500 3569 digna

213 3582 215 3588 '
300 3581 518 3647 emendaverit
533 3582 715 3664 penitentia
730 3589 807 3645 aute
821 3591 982 3645 mortem.

343 3680 433 3744 ”Mete
446 3681 484 3743 dc
500 3680 680 3763 Wr'abfild
694 3688 722 3742 ct
736 3682 774 3743 dc
789 3681 949 3745 Suinlcio.
994 3679 1072 3743 Istis
1086 3678 1233 3744 terminis
1247 3678 1401 3763 praedicta
1415 3686 1502 3745 terra

300 3778 523 3861 circumgirata
537 3798 605 3842 esse
620 3777 794 3842 sidetafl‘.
1280 3788 1283 3793 ’

349 3876 438 3941 Dis¹⁶
452 3876 577 3958 spndou
592 3880 632 3961 la
646 3875 725 3939 land
740 3896 900 3959 gemaero.

343 3975 452 4038 AErest
460 3973 494 4038 of
503 3973 619 4058 iaem¹⁶
627 3995 666 4058 ge
677 3972 848 4037 mauuau¹⁷
857 3982 961 4057 treope
972 3995 1015 4038 on
1023 3972 1151 4059 bogeles
1159 3993 1301 4057 pearruc.
1310 3974 1345 4039 ef
1352 3975 1505 4042 booeles¹⁸

302 4093 451 4158 peanuce
465 4093 508 4135 on
523 4071 694 4155 lintmes¹⁹
708 4093 795 4138 mere
810 4074 847 4136 of
863 4072 1038 4159 hr[y]tmcs
1053 4094 1139 4139 mere
1153 4094 1196 4137 on
1210 4076 1290 4158 pona
1305 4073 1422 4140 blacan
1436 4095 1507 4140 mor
1554 4163 1559 4171 ι

351 4260 360 4294 ¹
377 4263 416 4325 ng
428 4259 604 4310 namnam
615 4266 694 4320 ara,
706 4261 794 4310 muse
805 4260 832 4310 a
846 4258 879 4311 s.
977 4261 1089 4327 ‘aaa
1111 4259 1144 4311 s.
1227 4258 1460 4326 moa-somna„
1472 4262 1506 4316 a.
1569 4251 1572 4255 ’

301 4345 312 4378 ⁴
330 4346 411 4407 dent,
423 4341 458 4393 Κ.
557 4340 568 4371 ⁸
586 4341 689 4399 -munu,
702 4339 735 4391 Β.
818 4339 830 4372 ⁸
849 4343 978 4405 Sethride‚
992 4341 1025 4394 Β.
1107 4342 1119 4376 ²
1135 4343 1267 4392 Profertur
1276 4343 1460 4409 Winmmetu,
1473 4343 1507 4398 Β.

302 4429 314 4462 ⁸
330 4428 370 4488 ·n'‚
382 4424 417 4477 Κ.
512 4423 620 4484 luere,
634 4419 666 4485 Β,
765 4421 787 4454 ¹⁰
804 4439 866 4481 mm.
882 4422 915 4474 Β.
930 4423 965 4475 Κ.
1042 4423 1063 4458 ¹¹
1080 4437 1153 4485 ,πη
1167 4421 1200 4473 Β.
1281 4422 1302 4455 ¹¹
1318 4425 1399 4487 Pati,
1412 4423 1445 4477 Β.
1460 4425 1508 4489 Ka

304 4513 392 4573 prato,
403 4503 435 4558 8.
545 4499 567 4534 ¹⁸
583 4504 660 4566 Hm,
674 4500 707 4554 Β.
821 4503 842 4535 ¹⁴
859 4504 920 4554 latis
931 4506 1085 4556 termim'bus
1095 4512 1164 4554 terra
1174 4505 1206 4554 dc
1217 4505 1391 4556 W'meoenield
1400 4507 1510 4560 dmm·

304 4590 409 4654 giratur,
419 4585 505 4634 rubrie
516 4584 542 4634 in
557 4581 589 4633 Β.
770 4583 790 4615 ¹⁸
806 4584 870 4634 Titia
881 4586 1021 4649 paragraph
1032 4585 1150 4646 omitted,
1163 4582 1196 4634 Β.
1358 4583 1379 4617 ¹⁸
1393 4585 1460 4650 hm,
1473 4586 1508 4640 Β.

305 4669 324 4702 ’7
341 4671 487 4728 Gemoenan,
500 4664 533 4716 Β.
633 4663 655 4697 ¹⁸
670 4665 783 4730 uegeta,
797 4662 831 4716 Β.
931 4665 952 4698 ¹⁹
969 4667 1093 4729 Hritmes,
1106 4664 1139 4716 Β.
1334 4679 1338 4685 ·

1287 4748 1407 4813 aut.
