3788 5498
520 554 584 619 596
671 572 674 577 ⁴
888 571 1020 620 mann
1041 570 1083 619 ro
1103 568 1344 621 mmmm.
1539 553 1621 638 [uo.
1634 566 1714 635 947.

517 744 661 789 amemus
675 775 684 791 .
698 725 776 808 quia
797 726 941 809 agonista
955 732 1073 791 sanctae
1088 724 1315 809 predicationis
1329 730 1451 790 ortator
1463 723 1564 788 talem
1577 720 1716 807 protulit

515 823 709 886 sententiam
721 823 849 899 dicens,
860 832 876 857 “
887 824 1017 887 Omnia¹
1029 823 1116 886 nuda
1130 830 1164 887 et
1178 830 1288 905 aperta
1303 830 1380 886 sunt
1394 843 1501 887 coram
1515 821 1618 887 oculis
1632 819 1714 885 Dei*

515 926 549 983 ct
563 941 582 982 a
596 920 669 984 luce
683 921 787 1004 prima
801 942 903 1004 usque
924 922 1134 985 conticinium
1155 921 1409 1004 uniuscujusque
1431 928 1522 984 actus
1536 919 1714 1004 prospicit.

515 1016 593 1081 Ideo
615 1038 673 1101 ego
695 1019 877 1082 Eanusnus
899 1040 955 1083 rex
970 1018 1150 1103 Anglorum
1173 1024 1423 1100 ceterarumque
1439 1018 1586 1101 gentium
1600 1017 1637 1080 in
1651 1016 1714 1080 cir·

514 1115 604 1177 cuitu
613 1117 854 1198 persistentium
864 1117 1057 1201 gubernator
1065 1126 1098 1181 et
1109 1124 1228 1179 rector.
1241 1115 1368 1179 cuidam
1380 1136 1452 1180 meo
1463 1114 1552 1181 fideli
1563 1115 1714 1179 ministro

513 1231 550 1276 ac
564 1213 662 1275 militi
677 1214 733 1296 qui
749 1213 783 1276 in
800 1234 866 1278 suas
881 1214 1061 1278 voluntatis
1082 1235 1120 1278 ac
1141 1213 1323 1277 devotionis
1344 1214 1499 1296 obsequio
1520 1213 1653 1277 fatendo
1674 1233 1714 1278 ac

512 1309 678 1393 implendo
691 1318 823 1393 paratus
838 1332 875 1376 ac
890 1298 1058 1396 promptus
1072 1313 1158 1377 fuit.
1173 1312 1218 1375 Et
1232 1313 1272 1375 ab
1286 1312 1481 1376 incunabilis
1498 1333 1565 1376 sure
1579 1312 1715 1375 infanti·

510 1405 612 1471 litatis
627 1428 692 1471 non
709 1409 844 1472 fortuitu
859 1409 915 1473 sed
930 1410 1097 1474 voluntate
1112 1415 1283 1493 parentum
1298 1430 1415 1473 nomen
1429 1411 1555 1492 accepit
1569 1459 1577 1473 .
1592 1410 1713 1494 AEpme

512 1520 621 1568 cnam>
636 1556 644 1570 .
660 1507 777 1589 dapsili
793 1507 955 1571 deditione
970 1507 1131 1591 quandam
1148 1514 1275 1590 partem
1290 1508 1374 1571 ruris
1388 1507 1528 1571 libenter
1541 1506 1639 1571 dodi.
1655 1505 1713 1571 ubi

507 1602 700 1684 jamdudum
724 1604 838 1668 incolae
861 1605 1023 1688 prolatum
1049 1626 1166 1670 nomen
1196 1605 1350 1668 latialiter
1378 1606 1571 1668 declaratam
1587 1607 1713 1688 sordem

511 1699 720 1765 indiderunt.
736 1722 824 1765 nunc
846 1722 922 1766 vero
936 1703 1025 1771 verbi
1041 1703 1144 1787 gratia
1164 1702 1364 1766 Geuisorum
1386 1722 1496 1767 more.
1513 1704 1713 1765 lemanem-

510 1813 638 1862 πω.
661 1800 850 1883 magnitudo
875 1807 983 1865 autem
1009 1800 1099 1865 illius
1126 1808 1209 1865 terre
1224 1850 1233 1876 ,
1243 1801 1341 1883 juxta
1365 1800 1603 1864 estimationem
1627 1800 1713 1864 circa

510 1896 648 1960 eundem
663 1896 770 1961 locum
785 1897 970 1982 degentium
985 1905 1076 1963 tanta
1097 1919 1165 1963 esse
1187 1897 1340 1962 assertur²
1354 1904 1515 1981 quantum
1528 1897 1580 1961 bis
1595 1896 1713 1981 quinas

509 2013 694 2057 mansarum
718 1997 863 2078 spacium
886 2017 970 2079 equa
998 1995 1205 2061 demensione
1229 2016 1362 2060 censure
1388 1995 1613 2058 truciuationis
1642 1994 1712 2059 fore

508 2093 650 2155 cernitur
664 2115 673 2171 ;
686 2093 804 2157 lrabeat
817 2114 855 2158 ac
870 2093 1031 2176 possideat
1044 2093 1202 2176 prefatam
1211 2092 1367 2177 dapsilem
1376 2092 1585 2156 donationem
1596 2107 1713 2175 quam-

508 2188 565 2251 diu
580 2189 690 2254 vitalis
707 2190 804 2255 flatus
826 2212 954 2256 carnem
976 2191 1140 2255 mundana
1162 2190 1337 2275 fragilitate
1359 2200 1545 2274 corruptam
1568 2189 1711 2255 aluerit.
1775 2274 1776 2278 Ἰ

510 2286 593 2351 Cum
614 2297 725 2352 autem
747 2288 816 2353 dies
839 2288 1058 2352 dissolutionis
1080 2310 1146 2353 snae
1169 2288 1337 2353 advenerit
1351 2339 1360 2365 ,
1374 2309 1439 2371 quo
1453 2288 1495 2352 de
1509 2287 1712 2371 corruptibili

509 2385 578 2448 vita
601 2385 642 2448 ad
665 2386 944 2469 incorruptibilem
967 2386 1204 2451 beatitudinem
1218 2387 1431 2469 migraverit!
1449 2386 1526 2450 eun
1543 2386 1606 2449 sibi
1629 2385 1713 2450 libet

479 2561 482 2567 j
508 2482 619 2547 heredi
641 2485 711 2548 sine
732 2484 801 2548 ullo
823 2483 989 2549 obstaculo
1011 2484 1213 2567 derelinquat
1235 2484 1271 2548 in
1292 2492 1446 2548 eternam
1467 2483 1712 2549 hereditatem.

508 2579 558 2643 Sit
583 2587 693 2645 autem
715 2581 896 2664 predictum
918 2583 974 2646 rtis
997 2580 1154 2646 liberum'
1176 2601 1252 2645 oum
1272 2582 1424 2647 omnibus
1445 2602 1518 2665 quae
1539 2582 1581 2646 ad
1603 2583 1713 2666 ipsum

508 2677 613 2740 locum
639 2679 801 2762 pertinere
827 2679 1038 2744 dinoscuntur
1060 2729 1068 2744 .
1089 2688 1158 2744 tam
1184 2678 1221 2743 in
1246 2680 1371 2764 magms
1388 2701 1486 2764 quam
1511 2680 1547 2744 in
1576 2680 1713 2745 modicis

508 2775 634 2839 rebus.
658 2775 789 2859 Campis
815 2827 822 2842 .
848 2776 980 2841 Pascuis
1003 2826 1011 2841 .
1034 2777 1141 2841 Pratis
1166 2826 1174 2841 .
1197 2776 1296 2842 Silvia
1321 2826 1329 2841 .
1353 2778 1536 2843 dirivativis
1565 2778 1713 2843 cursibus

507 2892 664 2955 aquarum
677 2880 836 2967 ..excepto
856 2874 930 2939 istis
951 2874 1078 2939 tribus.
1093 2873 1299 2959 expeditione
1320 2875 1429 2959 pontis
1451 2924 1459 2939 .
1481 2868 1614 2940 arcisvie
1635 2896 1713 2940 oon-

507 2971 706 3035 structione.
1667 3000 1672 3005 ·

550 3068 647 3132 Hanc
660 3088 737 3133 vero
757 3089 862 3133 meam
877 3069 1084 3133 donationem
1098 3069 1186 3153 quod
1207 3078 1283 3154 opto
1298 3069 1384 3135 absit
1397 3090 1418 3133 a
1432 3069 1579 3134 fidelium
1593 3070 1711 3136 menti·

504 3163 566 3229 bus
581 3216 590 3241 ‚
604 3165 830 3230 minuentibus
844 3174 941 3249 atque
956 3166 1180 3249 frangentibus
1195 3166 1271 3230 nat
1285 3187 1360 3249 pars
1373 3186 1484 3230 eorum
1499 3186 1574 3230 oum
1588 3166 1656 3231 illis
1669 3165 1712 3231 de

506 3263 624 3346 quibus
639 3263 658 3327 6
674 3272 786 3327 cont-ra
805 3264 892 3327 latur
902 3312 911 3328 .
921 3272 938 3297 “
948 3264 1155 3328 Discedite⁴ia
1166 3283 1219 3328 me
1232 3263 1369 3346 maligni
1382 3264 1418 3326 in
1433 3264 1542 3346 ignem
1553 3268 1711 3328 aeternum
1731 3344 1735 3351 Ι

505 3360 562 3444 qui
584 3368 716 3443 paratus
738 3367 788 3425 est
809 3361 950 3425 Sathane
970 3369 1004 3426 et
1023 3360 1206 3426 satellibus⁶
1220 3362 1326 3445 ejus'’t
1342 3362 1406 3426 nisi
1420 3363 1512 3446 prius
1526 3361 1624 3447 digna
1638 3362 1712 3427 Deo

503 3459 697 3542 poenitentia
711 3459 839 3523 veniam
854 3458 949 3542 legali
964 3459 1184 3524 satisfactione
1198 3459 1393 3525 emendent.

550 3557 629 3620 Istis
643 3557 850 3621 terminibus⁶
863 3557 1008 3641 predicta
1023 3566 1108 3622 terra
1123 3558 1358 3642 circumgyrato
1371 3577 1442 3623 esse
1455 3556 1607 3622 videtur.

552 3653 617 3720 Dis
631 3661 709 3738 synt
729 3658 769 3740 ba
793 3654 871 3719 land
893 3655 933 3740 gt
956 3676 1053 3719 maero
1079 3652 1115 3719 td
1137 3654 1300 3719 Beorhtan
1322 3652 1399 3738 pille
1414 3657 1513 3741 ‚para
1526 3702 1535 3719 .
1550 3669 1575 3718 x
1589 3702 1598 3718 .
1610 3652 1710 3719 bida.

503 3753 616 3819 AErest
629 3753 664 3816 ol
684 3756 758 3839 pam
772 3772 860 3817 more
874 3754 915 3818 be
928 3750 1039 3836 pestem
1053 3754 1127 3838 ptm
1149 3751 1230 3817 tdne
1243 3801 1252 3816 .
1267 3772 1310 3816 on
1324 3754 1365 3839 pa
1378 3752 1432 3817 dic
1447 3804 1455 3818 .
1468 3759 1540 3837 pest
1553 3750 1618 3816 aod
1631 3751 1711 3837 lang

502 3850 567 3915 Dic
581 3851 618 3915 oi
635 3853 677 3937 pa
701 3850 857 3937 habenae
871 3850 1048 3934 byrigelsas
1057 3855 1161 3936 ponne
1175 3858 1246 3915 east
1260 3849 1326 3914 aud
1341 3848 1419 3934 lang
1431 3854 1496 3936 ban
1510 3870 1553 3914 an
1568 3848 1711 3914 heafdan

502 3945 544 4012 dn
566 3968 651 4013 anne
670 3948 783 4013 litelne
800 3948 880 4035 pdrn
894 3997 902 4011 .
918 3953 1023 4034 panon
1039 3957 1144 4031 east]
1159 3947 1246 4033 hpon
1265 3947 1329 4012 sub
1354 3967 1398 4010 on
1417 3968 1457 4032 ge
1475 3947 1562 4012 rihte
1586 3955 1622 4011 to
1635 3950 1711 4033 pam

501 4067 578 4130 pege
592 4053 627 4111 to
640 4046 740 4132 galaer
753 4047 839 4111 baece
853 4070 862 4124 ;
876 4045 929 4131 bo⁷
938 4046 1019 4111 nord
1032 4046 1073 4111 be
1088 4051 1161 4132 bam
1176 4045 1242 4110 and
1256 4044 1396 4110 heafdon
1410 4046 1448 4111 tt
1468 4052 1509 4131 pa
1522 4045 1595 4111 ltce
1608 4045 1710 4130 Jlang

501 4142 632 4208 lecerit
653 4164 696 4208 on
717 4143 861 4209 temaese⁸
884 4142 920 4209 tf
940 4143 1052 4209 midne
1073 4144 1194 4209 stream
1208 4144 1307 4228 *Jlang
1328 4164 1367 4208 ea
1382 4141 1418 4208 df
1435 4144 1482 4208 ’ta
1503 4143 1597 4209 ealda
1618 4150 1712 4208 straet

500 4241 565 4306 and
579 4241 657 4326 lang
670 4249 779 4308 streete
792 4263 836 4307 on
855 4247 936 4328 pone
951 4242 1023 4307 toul
1041 4242 1077 4307 ot
1096 4246 1171 4329 pam
1194 4240 1369 4327 tordepest
1382 4240 1540 4327 andlang
1553 4260 1661 4306 mores
1675 4239 1715 4307 ot

500 4342 564 4426 paet
577 4360 654 4403 man
667 4360 712 4404 aer
725 4360 769 4404 on
783 4340 879 4424 teng.

542 4437 628 4501 Acta
651 4442 703 4500 est
722 4436 791 4502 haec
811 4437 940 4520 pretate
964 4436 1096 4502 donatio
1116 4438 1240 4502 .Anno
1264 4437 1307 4502 ab
1332 4436 1559 4502 incarnatione
1584 4434 1711 4502 domini

498 4533 721 4598 nostriJhesu
736 4534 1152 4601 Christi.ncccc.x1.r11.
1169 4534 1439 4601 Indictioneff.

442 4683 445 4687 ¹
545 4727 751 4791 maerere
871 4727 1090 4787 *nummu
1212 4726 1355 4791 wax.
1474 4729 1699 4795 mmmm

496 4802 740 4867 maantam&
816 4804 974 4869 ,amic
1070 4803 1241 4867 rme
1336 4805 1555 4869 mmm
