3788 5498
353 511 418 575 556
761 524 927 574 nannum>
948 525 991 573 ro
1012 525 1150 573 marc
1393 508 1472 592 [nu.
1487 527 1554 590 944
1593 530 1595 534 ⁴

352 855 426 917 801.
450 852 553 915 Grani
568 852 607 932 by
621 851 713 933 Kinq
734 852 910 914 Eadmueul
924 859 955 915 to
976 853 1105 936 AElfria
1118 852 1238 935 Bthop
1253 854 1293 936 os
1307 804 1500 935 dorendorp
1514 848 1565 935 (ἕ)

472 951 510 1033 qs
520 949 599 1011 luced
613 957 647 1012 at
662 950 824 1031 Blcoburp,
838 972 874 1012 or
896 949 1071 1032 Blrrcturp
1083 971 1125 1014 co.
1139 951 1252 1014 Buaelrs.
1297 965 1361 1014 ab.
1377 950 1452 1015 944.

617 1083 731 1148 Canus
746 1098 843 1147 uncis
858 1085 1042 1148 Brennum
1057 1100 1101 1148 ne
1116 1085 1307 1148 Bnnosrnc.

396 1203 437 1264 In
454 1200 584 1264 nornine
599 1201 662 1265 Dei
679 1202 797 1264 summi
813 1251 821 1266 .
836 1222 855 1283 3
871 1202 1021 1265 altissimi
1043 1203 1065 1266 J
1068 1203 1150 1266 hesu
1172 1202 1296 1267 Christi
1317 1202 1468 1266 omnibus
1489 1222 1566 1284 pru·

353 1298 505 1362 dentibus
530 1298 587 1382 qui
609 1299 733 1362 Deifice
755 1299 1037 1383 contemplationis
1058 1300 1298 1364 beatitudinem
1314 1301 1348 1363 in
1371 1299 1492 1364 ruentis
1507 1319 1565 1363 sue

352 1394 497 1478 hospieio
511 1417 640 1460 cernere
655 1397 793 1480 cupiunt
807 1396 1081 1461 manifestissimis
1096 1397 1199 1481 signis
1211 1405 1338 1461 constat
1349 1396 1438 1480 quod
1453 1416 1565 1479 quem·

354 1493 466 1576 qua1u²
481 1494 564 1578 potis
586 1515 656 1559 esse
678 1494 873 1558 transitoriis
895 1495 969 1558 imis
991 1495 1058 1559 alta
1084 1495 1219 1559 celestia
1241 1494 1311 1559 sine
1334 1495 1398 1557 fine
1414 1513 1567 1557 mansura

354 1612 541 1674 capescere.
566 1592 600 1655 Si
622 1592 712 1656 illins
734 1593 895 1676 antiqui]
911 1593 1021 1657 infesti
1041 1593 1210 1676 trucisque
1232 1592 1354 1656 tiranni
1375 1600 1411 1656 et
1427 1590 1566 1655 humani

355 1689 468 1771 stirpis
498 1689 691 1772 sev[i]ssimi
720 1690 905 1754 multatoris
934 1690 1121 1755 truculenta
1149 1689 1331 1774 inprobitas
1360 1689 1566 1754 obstaculum

355 1787 512 1850 honorum
527 1788 689 1851 virtutum
709 1787 917 1852 incrementis
940 1787 1120 1853 calculatur
1135 1836 1145 1852 .
1160 1810 1181 1870 3
1196 1787 1296 1851 velud
1311 1787 1520 1871 spurcissima
1533 1794 1569 1852 et

355 1893 516 1949 venenata
538 1885 752 1950 rnclaueonie³
774 1886 958 1951 truculenta
981 1886 1105 1970 spicula
1127 1885 1273 1950 furorum
1291 1885 1449 1970 inspirata
1464 1884 1568 1948 flami·

357 2004 437 2047 num
458 1985 641 2049 invectione
664 1985 835 2048 affidorum
859 1984 985 2049 intimis
1006 1984 1249 2068 preconliormu
1266 1983 1391 2048 Christi
1411 2002 1567 2052 vernacu-

356 2081 462 2145 lorum
492 2082 705 2167 receptaculis
734 2083 922 2167 abnegando
944 2081 1126 2167 respuendo
1147 2081 1354 2146 detestantur
1376 2079 1569 2146 cordetenus

357 2180 571 2265 funditusque
597 2181 760 2245 enerviter
789 2181 1031 2264 contempnitur
1060 2187 1100 2243 nt
1124 2179 1271 2263 precelsa
1299 2198 1363 2242 vox
1394 2178 1570 2244 conditoris

359 2280 460 2343 nostri
476 2301 518 2363 au
532 2280 599 2344 ore⁴
621 2279 753 2363 proprio
774 2286 893 2343 tonans
914 2286 1002 2343 “vos
1023 2278 1082 2362 qui
1096 2278 1202 2342 secuti
1217 2277 1296 2342 estis
1309 2276 1404 2341 bonis
1419 2276 1571 2362 operibus

358 2381 548 2465 centuplum
563 2381 763 2465 accipietis]
779 2381 882 2445 vitam
903 2380 1111 2465 possidebitis
1133 2377 1318 2443 eternam”.
1334 2379 1429 2460 cujus
1444 2376 1572 2442 scilicet

359 2480 492 2543 fervoris
507 2480 581 2564 igne
597 2488 743 2544 coarctus
765 2499 823 2562 ego
843 2479 1059 2543 hunencus
1080 2477 1340 2561 Angligenarum
1362 2497 1421 2541 rex
1442 2474 1570 2540 cuidam

360 2578 518 2661 pontifici⁵
533 2599 605 2642 meo
627 2578 774 2660 mihique
796 2577 933 2641 fervoris
949 2577 1025 2661 igne
1039 2576 1159 2641 dilecto
1174 2575 1307 2640 nomine
1321 2574 1410 2659 quod
1424 2581 1571 2640 constat.

361 2677 524 2740 AEnrnrco
539 2726 546 2740 .
559 2675 741 2740 veneranda
759 2695 817 2758 pro
839 2676 910 2758 ejus
933 2675 1036 2739 solide
1060 2673 1231 2739 fidelitatis
1250 2673 1425 2757 prudentia
1440 2681 1572 2738 centurn

363 2784 446 2839 terre
461 2795 589 2838 mansas
610 2774 642 2838 ci
664 2773 740 2838 stilo
764 2773 921 2856 perhenni
947 2771 1221 2855 trado.quoda1u
1243 2771 1279 2834 in
1299 2771 1370 2835 loco
1392 2770 1574 2836 venerabili

363 2873 545 2955 antiquitus
560 2879 593 2936 et
607 2872 714 2935 adhuc
728 2872 918 2955 cognomine
933 2879 1010 2935 noto
1025 2871 1225 2934 BnnonuaG.
1237 2869 1402 2953 appellato
1416 2870 1575 2954 quatinus

364 2973 421 3038 ille
435 2976 518 3038 bene
530 2975 713 3058 perfruatur
728 2994 766 3036 ae
776 2973 1007 3056 perpetualiter
1020 2973 1186 3058 possideat
1200 3022 1208 3036 .
1223 2971 1304 3035 dum
1317 2971 1419 3055 hujus
1432 2972 1576 3037 labentis

364 3073 418 3137 evi
440 3093 569 3137 cursum
591 3079 735 3135 transeat
758 3071 881 3136 inlesus
906 3079 1004 3154 atque
1025 3069 1138 3134 ritulis
1158 3069 1293 3153 spiritus
1313 3070 1348 3133 in
1368 3068 1575 3153 corruptibili

365 3192 462 3236 carne
477 3171 623 3234 inhereat
637 3190 711 3234 cnm
726 3169 877 3233 omnibus
892 3189 955 3252 que
977 3169 1019 3231 ad
1040 3169 1150 3251 ipsmn
1165 3167 1274 3232 locum
1288 3167 1452 3251 pertinere
1466 3167 1575 3232 dinos-

366 3278 485 3334 cuntur
501 3268 618 3332 tamin
640 3268 768 3352 magnis
789 3287 888 3351 quam
910 3268 945 3330 in
965 3266 1101 3330 modicis
1123 3266 1221 3331 rebus
1235 3315 1244 3330 .
1260 3265 1384 3350 eampis
1399 3315 1407 3330 .
1422 3265 1574 3350 pascuis

365 3367 468 3451 pratis
488 3417 496 3430 .
515 3366 606 3430 silvis
628 3415 635 3430 .
659 3364 874 3429 diriv·ative⁸.
901 3365 1048 3429 cursibus
1073 3383 1234 3447 aquarum
1262 3362 1348 3429 hanc
1370 3371 1575 3448 prenotatam

365 3464 623 3528 munificentiam
646 3462 822 3546 incipiente
848 3483 934 3527 anno
960 3461 1071 3527 tereio⁷
1087 3462 1180 3546 regui
1202 3462 1268 3526 mei
1289 3461 1438 3526 reborari
1458 3461 1577 3546 adque⁸

366 3563 554 3627 confirmavi
569 3569 607 3625 ut
622 3562 773 3625 omnibus
796 3561 1017 3625 mundialibus
1039 3560 1239 3643 coangustiis
1253 3560 1299 3625 sit
1311 3559 1395 3625 liber
1408 3560 1474 3624 nisi
1489 3558 1578 3644 quod

366 3672 476 3725 nostra
504 3661 668 3725 communi
698 3659 807 3724 labore
836 3661 980 3744 pertinet
1003 3658 1139 3722 minime
1169 3658 1323 3742 cuiquem
1348 3657 1384 3721 in
1413 3657 1578 3722 oblivione

366 3759 449 3822 illud
464 3758 657 3823 tradendum
672 3764 722 3822 est
737 3757 771 3819 id
786 3766 836 3821 est
850 3756 1056 3841 expeditione
1067 3755 1179 3839 pontis
1192 3755 1318 3821 arcisve
1332 3755 1578 3827 construccione

367 3882 386 3945 3
416 3869 586 3946 postquam
617 3859 841 3924 universitatis
870 3860 959 3923 uiam
995 3858 1112 3924 adierit
1148 3858 1330 3941 predictam
1367 3856 1578 3923 donationem

367 3962 549 4044 cuicunque
577 3958 719 4023 voluerit
747 3957 859 4022 heredi
885 3956 1089 4042 derelinquat
1117 3976 1179 4020 ceu
1208 3955 1356 4041 superius
1385 3955 1514 4040 predixi
1542 3955 1578 4020 in

367 4064 513 4122 eteniam
526 4055 792 4142 he[re]ditatem.
813 4135 818 4143 ⁵

413 4157 448 4221 Si
469 4157 544 4241 quis
565 4154 715 4220 benivola
735 4159 846 4217 menta
866 4152 952 4218 hanc
976 4150 1160 4236 largifluam
1181 4149 1440 4215 munificentiam
1461 4170 1580 4236 augere

369 4255 511 4319 uoluerit
535 4253 672 4318 archons
701 4272 914 4336 supernorum
943 4250 1066 4316 civium
1095 4258 1131 4315 et
1154 4249 1353 4335 gubernator
1377 4249 1580 4314 terrestrium

372 4353 617 4418 retributionem
645 4351 681 4415 in
710 4351 831 4416 eternis
855 4349 1052 4416 habitaculis
1080 4349 1237 4434 dignetur
1262 4347 1437 4415 concedere
1465 4399 1475 4416 .
1500 4347 1581 4415 Ideo

421 4538 599 4600 ¹Sherborne,
610 4534 750 4595 §.iada-
944 4535 1094 4599 'Quinque
1107 4530 1145 4584 Κ.
1331 4532 1532 4591 'liniensem
1545 4530 1582 4584 Κ.

373 4617 562 4681 ‘Amore,l(.;
577 4614 717 4680 aberas.
738 4614 743 4622 '
864 4613 1584 4679 'called‘tminiaroffithopmgnphinuoduehg
1625 4656 1630 4666 .

373 4697 951 4764 theehurterlnthetextolkmplbt.
1096 4693 1287 4760 ⁸·virqqu.
1416 4691 1587 4745 ’menna

372 4778 769 4849 mctssdmundlrmul.
865 4772 1083 4842 ‘AtunS-K.
