3788 5498
330 691 393 742 nn.
409 675 497 759 ⁸3⁶]
749 692 915 743 sennaar
935 692 980 743 ro
1000 694 1111 747 mann
1497 664 1546 741 et·

330 846 429 931 hujus
453 848 582 912 lrartule
610 848 911 933 uicissitudinisque
945 852 1223 917 confirmationem
1252 848 1545 933 testimoniumque

332 948 485 1012 unanimo
499 968 538 1010 ac
552 950 638 1011 bono
654 970 814 1012 consensu
826 949 951 1031 placuit
965 970 1040 1013 curn
1056 952 1162 1015 crucis
1172 949 1294 1014 Christi
1306 947 1428 1012 vexillo
1439 966 1546 1011 sucro·

332 1046 452 1109 eunctis
485 1046 637 1109 manibus
663 1047 807 1128 partium
843 1046 1012 1110 ambarum
1043 1048 1078 1110 irr
1112 1048 1244 1112 domino
1276 1045 1383 1111 chsu
1413 1044 1546 1111 Christo

334 1144 529 1208 unanimiter
543 1164 581 1207 ac
596 1146 783 1225 perenniter
798 1144 945 1207 robomrc
961 1197 969 1209 .
1015 1148 1192 1210 Annuente
1208 1145 1331 1211 Christi
1344 1144 1451 1229 gratie
1465 1164 1485 1227 3
1501 1145 1544 1208 ὃ.

633 1299 683 1348 [k]
697 1300 756 1342 erte
764 1301 838 1351 llus..
845 1300 930 1343 eorm
938 1300 998 1352 HS..
1008 1301 1089 1345 Jutnn
1097 1301 1127 1345 l).
1135 1302 1162 1349 il.
1169 1300 1190 1344 i·
1197 1304 1244 1345 lu.

336 1716 400 1779 852
424 1714 546 1797 (41613).
591 1714 695 1777 Grunt
713 1715 771 1797 for
795 1714 853 1797 lise
879 1716 917 1793 by
931 1716 1087 1797 AEqtcrtr,
1108 1717 1201 1798 Kiap
1224 1718 1264 1799 pf
1279 1716 1329 1778 tite
1349 1714 1398 1778 W.
1418 1712 1549 1789 Somou

465 1816 543 1877 witin
572 1823 674 1879 esurit
703 1818 743 1897 os
770 1816 822 1877 Iri-s·
849 1838 906 1879 sorr
935 1818 1109 1898 AEtlrelrrls,
1138 1819 1230 1897 Kirra
1259 1817 1299 1900 os
1328 1816 1380 1879 tic
1408 1814 1549 1879 Kcrttiels

459 1920 577 2002 proptr,
591 1927 623 1981 to
647 1918 758 1993 Ciulur,
774 1918 865 1982 Cleri:
887 1920 926 2001 os
941 1921 991 1982 rte
1005 1922 1110 2002 Autan
1124 1923 1163 2002 os
1180 1922 1225 1983 St.
1239 1920 1330 1983 Puer
1344 1916 1552 2001 (estmourds

466 2018 511 2081 St
527 2016 733 2094 Arrpuuinr’s
747 2018 878 2099 Attus),
902 2017 1109 2099 currartary,
1130 2018 1169 2101 qs
1184 2018 1265 2081 laad
1284 2025 1320 2079 at
1342 2015 1492 2089 Scirdun,
1511 2034 1551 2078 or

467 2114 616 2188 Stridon,
628 2136 670 2177 co.
685 2116 772 2178 Kcrrt
780 2137 794 2191 ;
816 2116 895 2177 criti.
909 2118 1061 2179 roncrsion
1076 2125 1106 2178 to
1121 2116 1171 2177 tue
1185 2116 1299 2197 Abbcy.
1342 2130 1408 2179 Aa).
1430 2115 1505 2179 836.

383 2249 423 2312 Irr
440 2249 570 2314 nomine
586 2249 673 2313 almo
695 2250 782 2313 trino
797 2250 932 2315 divino.
976 2251 1067 2334 Ego.
1082 2250 1301 2314 AEonrunrcs
1321 2270 1381 2313 rex
1402 2247 1552 2313 occiden-

339 2347 456 2413 talium
484 2347 648 2409 Saxonum
676 2368 751 2412 cum
774 2368 933 2411 consensu
956 2368 977 2431 J
1004 2349 1140 2412 licencia
1163 2348 1223 2411 filii
1247 2347 1312 2411 nrei
1334 2348 1553 2410 AErumum

342 2446 424 2529 regis
454 2445 703 2509 Cantuariorunr
730 2493 737 2507 .
764 2466 824 2509 nec
851 2466 917 2509 uon
942 2465 962 2527 3
989 2446 1127 2509 aliorum
1151 2446 1336 2529 sapientum
1365 2452 1553 2509 nostrorum
1646 2462 1649 2467 ·

341 2565 400 2627 pro
414 2544 477 2607 Dei
492 2542 727 2625 orrruipotcntis
742 2564 850 2608 amore
864 2565 902 2609 ac
918 2566 976 2628 pro
990 2545 1061 2627 ejus
1076 2545 1276 2628 competenti
1290 2544 1432 2628 pecunia
1451 2550 1561 2627 quum'

333 2644 383 2705 ¹ab
397 2663 435 2705 eo
449 2642 559 2725 accepi
575 2641 638 2703 lroc
652 2648 704 2704 cst
719 2693 726 2705 .
742 2657 762 2704 c
777 2692 785 2705 .
802 2644 965 2706 rrrancusis
980 2642 1014 2706 in
1030 2642 1158 2706 duabus
1172 2642 1326 2706 armillis,
1341 2640 1426 2705 dabo
1440 2661 1461 2724 3
1476 2661 1555 2705 con·

342 2739 420 2803 cedo
434 2738 578 2822 aliquam
594 2748 721 2821 partcrn
737 2747 822 2802 terre
841 2741 927 2821 juris
942 2742 1046 2804 nostri
1061 2742 1194 2805 Clam
1217 2739 1333 2805 clerieo
1353 2739 1498 2803 moranti
1517 2738 1555 2802 in

344 2837 537 2900 monasterio
564 2837 652 2899 beati
677 2838 766 2900 l'etri
792 2839 931 2921 apostoli
959 2840 1016 2901 ubi
1042 2850 1160 2923 pausat
1186 2859 1302 2923 corpus
1323 2838 1430 2903 sancti
1451 2836 1556 2921 putris

344 2937 445 2999 nostri
469 2936 647 3016 Augustini
675 2959 694 3017 p
719 2957 778 3019 per
807 2958 882 3000 cunr
906 2958 925 3019 ]
951 2944 1025 3019 post
1054 2958 1130 3001 eum
1160 2938 1314 3023 iratribus
1338 2936 1463 3001 ibidem
1483 2935 1557 2999 Deo

345 3034 561 3099 sern'eruitus
576 3084 584 3097 .
600 3034 787 3099 imeauterrr
803 3036 944 3119 agellum
967 3036 1065 3117 hujus
1080 3035 1265 3099 donationis
1278 3034 1484 3099 estimatione
1497 3084 1507 3098 .
1521 3032 1559 3097 id

345 3142 396 3199 est
410 3136 507 3197 unius
522 3133 623 3196 aratri
639 3135 673 3196 in
690 3134 748 3197 illo
762 3134 834 3198 loco
849 3136 906 3217 qui
923 3136 1110 3197 uorrrirratur
1124 3150 1168 3197 ox
1184 3135 1378 3214 Semnum]
1394 3140 1472 3196 ante
1485 3152 1558 3217 pcr-

318 3269 322 3277 ·
346 3233 471 3297 tirrcbat
485 3231 526 3295 ad
542 3231 683 3315 regalem
699 3233 813 3296 villam
825 3234 1024 3297 Doroverrrie
1040 3232 1203 3297 civitatis.
1219 3232 1369 3296 Hisvem
1379 3230 1560 3295 notissimis

346 3332 540 3397 terminibus
555 3331 864 3413 circumjacentibus
881 3336 900 3395 ir
915 3331 1050 3395 meridie
1072 3330 1300 3413 biscopessnad
1325 3330 1368 3392 ab
1392 3327 1561 3394 occidente

347 3431 540 3495 ircoliorices
555 3430 663 3494 m‘e're
680 3477 689 3493 .
704 3432 746 3493 ab
761 3431 914 3513 aquilone
930 3428 1112 3492 aesclrurud
1128 3477 1136 3492 .
1151 3429 1314 3493 ambiente
1324 3427 1426 3511 bigne
1435 3425 1515 3489 lond
1525 3434 1561 3489 to

348 3529 408 3592 sud
423 3530 572 3592 ministre
587 3548 607 3611 ]
623 3530 659 3591 in
674 3529 902 3593 corrunurriorrc
921 3548 1040 3610 pascua
1064 3527 1193 3609 copiosa
1214 3526 1384 3609 pecoribus
1405 3525 1509 3607 suis]
1524 3524 1562 3588 in

347 3628 429 3691 silva
444 3628 650 3690 nominamus
661 3628 804 3690 denbcru
818 3646 892 3707 quae
908 3624 1091 3707 appellatur
1103 3624 1318 3709 bussingden.
1341 3623 1439 3687 Hanc
1450 3630 1561 3687 autem

344 3725 529 3809 praedictam
540 3736 659 3787 terram
671 3723 769 3803 hujus
780 3723 965 3785 donationis
977 3723 1054 3785 lruic
1066 3723 1291 3805 prenominato
1301 3720 1418 3786 clerico
1429 3722 1562 3787 Omma

347 3822 550 3885 concedendo
565 3822 723 3884 ‹lorramus
739 3818 973 3902 perpetualiter
990 3820 1179 3883 habendum
1194 3870 1201 3882 .
1217 3819 1473 3903 possidendum.
1488 3818 1564 3882 ieli-

348 3923 490 4002 citerque
507 3919 627 3982 indies
643 3920 713 3999 ejus
729 3918 963 4001 perl'rucrnlum
979 3938 1054 3981 cunr
1069 3919 1222 3981 omnibus
1231 3917 1431 3981 utilitatibus
1441 3918 1563 3998 intus]

348 4019 424 4081 foris
439 4016 479 4079 ad
494 4038 566 4080 earn
582 4018 645 4080 rite
664 4038 701 4079 ac
728 4027 815 4079 recte
840 4017 1080 4098 pcrtinentibus
1106 4037 1126 4098 3
1154 4026 1228 4099 post
1254 4015 1324 4080 dies
1350 4016 1421 4098 ejus
1446 4015 1517 4079 Deo
1542 4036 1564 4098 J

350 4120 467 4179 Sancto
476 4116 664 4197 Augustino
675 4114 968 4196 derclirrqucnrlurrr
978 4114 1115 4178 liberam
1127 4135 1186 4197 per
1199 4115 1308 4177 omnia
1322 4114 1443 4178 habeat
1457 4124 1567 4197 potes·

350 4224 450 4278 tatem
465 4263 472 4275 .
488 4214 550 4276 lroc
565 4214 716 4297 idemque
732 4214 873 4297 agellum
889 4215 930 4277 ab
945 4216 1096 4277 omnibus
1111 4214 1359 4278 uiruculntibus
1369 4210 1567 4277 secularium

349 4314 544 4377 servitutum
558 4311 705 4377 liberabo
720 4364 727 4375 .
744 4315 807 4376 uisi
824 4313 875 4376 lris
892 4324 1023 4375 tantum
1044 4314 1151 4375 tribus
1174 4314 1302 4377 causiS.
1319 4312 1381 4376 boc
1395 4318 1447 4376 est
1467 4331 1567 4395 expe-

350 4412 472 4476 ditione
487 4430 507 4491 ]
523 4412 607 4474 arcis
622 4412 796 4494 pontisque
811 4412 1073 4476 constructione.

395 4511 430 4574 Si
445 4510 518 4593 quis
533 4521 646 4573 antem
661 4511 746 4574 hanc
773 4526 917 4574 nostr-am
944 4532 1041 4594 supra
1066 4510 1223 4593 scriptam
1246 4507 1455 4573 donationem
1480 4506 1569 4593 quod

351 4634 416 4675 non
432 4621 582 4693 optamus
598 4612 737 4692 alicujus
752 4633 888 4695 persone
903 4613 1000 4675 borno
1016 4612 1175 4675 diabrditn
1190 4612 1365 4695 instigatus
1384 4611 1571 4675 temeritate

351 4710 526 4773 surrexerit
551 4709 609 4792 qui
631 4709 718 4772 harre
740 4723 849 4773 nostre
873 4712 1095 4774 munificentie
1122 4710 1333 4775 traditionem
1354 4710 1451 4774 istius
1472 4709 1571 4793 agelli

351 4809 497 4891 frangere
512 4858 520 4871 .
535 4818 593 4871 out
609 4810 757 4872 minnere
774 4808 827 4871 vel
847 4808 882 4872 in
905 4809 995 4872 aliud
1011 4819 1136 4873 vertere
1151 4830 1251 4893 quarn
1265 4812 1286 4873 ir
1299 4810 1395 4875 nobis
1411 4810 1572 4874 constitu·

350 4920 422 4975 tum
437 4920 487 4974 est
502 4912 715 4995 temptaverit
731 4958 740 4974 .
756 4911 839 4975 sciat
853 4931 888 4975 sc
902 4920 979 4975 autc
994 4911 1139 4975 tribunal
1154 4912 1258 4975 eterni
1268 4912 1392 4993 judicis
1407 4912 1570 4977 rationem
