3788 5498
326 665 389 715 an
404 653 494 739 85o]
708 675 913 725 arrrmuunr
934 678 976 727 ro
998 677 1148 727 wsuaon
1462 660 1534 726 acti

327 824 527 909 confringere
541 829 594 893 vel
609 839 735 895 arctare
748 842 807 897 aut
822 834 857 897 in
871 834 960 899 aliud
981 842 1169 899 convertere
1191 855 1291 919 quam
1306 832 1328 899 a
1341 832 1436 897 nobis
1457 852 1534 897 oon·

328 924 481 989 stitutum
495 936 546 991 est
560 932 768 1013 temptaverit
783 933 865 996 sciat
879 954 913 997 se
928 934 947 997 b
963 933 1033 997 Deo
1048 983 1055 998 .
1070 954 1090 1016 J
1105 934 1147 997 ab
1161 934 1312 997 omnibus
1327 930 1449 997 sanetis
1462 930 1534 1013 ejus

327 1020 504 1089 alienatum
519 1026 582 1091 nisi
597 1038 671 1093 aute
687 1030 785 1110 digna
799 1031 1018 1095 satisfactione
1033 1032 1104 1095 Deo
1118 1052 1138 1114 J
1154 1032 1342 1096 bominibus
1360 1026 1547 1094 emendae·

327 1119 488 1186 uoluerit.
505 1136 656 1190 manente
678 1128 740 1191 lrac
754 1128 878 1191 oartula
893 1128 928 1191 in
943 1150 1001 1193 suu
1025 1130 1257 1195 nichilominus
1271 1130 1428 1193 firmitate
1441 1125 1535 1191 robo-

328 1235 399 1283 rata
413 1243 424 1299 ;
993 1237 996 1241 '

372 1319 493 1383 Actum
508 1330 559 1385 est
573 1330 680 1387 autem
695 1346 781 1387 armo
801 1324 959 1389 dominice
981 1326 1212 1391 iucarnationis
1226 1375 1234 1390 .
1249 1342 1335 1391 θοοῦ
1348 1375 1358 1390 .
1372 1341 1439 1391 xbv
1453 1377 1461 1392 .
1475 1327 1533 1391 In·
1616 1346 1619 1352 '

327 1414 492 1483 dictione.
507 1436 569 1483 vm
585 1473 591 1485 .
607 1422 659 1485 die
673 1472 682 1486 .
697 1439 754 1485 xm
771 1472 779 1485 .
795 1423 1005 1487 kalendarum
1020 1426 1250 1489 Decembrium
1271 1426 1309 1489 in
1330 1424 1390 1490 illa
1411 1426 1536 1491 famosa

328 1513 408 1579 uilla
421 1538 496 1601 quic
510 1519 630 1584 dieitur
644 1532 687 1585 tet
703 1521 789 1585 b'uic
804 1521 856 1585 bis
871 1523 1009 1587 testibus
1023 1529 1100 1590 ctd..

630 1674 679 1723 [k]
691 1672 750 1715 urta
759 1672 831 1721 Mus„
839 1672 923 1714 Cotton
931 1673 980 1717 HS.
988 1673 1067 1717 subm
1076 1673 1106 1717 D.
1115 1674 1141 1725 ll.
1150 1674 1171 1717 ί.
1180 1676 1227 1719 ΙΝ.

330 2068 395 2130 854
420 2068 549 2149 (45911).
591 2068 693 2131 Gran!
724 2070 764 2151 by
787 2070 979 2155 AEldcluulf,
1005 2073 1096 2155 Kr'nq
1128 2074 1168 2156 os
1193 2072 1244 2137 tlte
1271 2072 1320 2138 W.
1350 2072 1480 2147 Sam
1503 2078 1536 2135 lo

466 2166 611 2242 ll'rrrroli,
624 2168 723 2231 Allo!
738 2169 777 2249 os
794 2169 838 2231 at.
855 2170 968 2233 Peter’s
985 2172 1186 2253 (restrrrwrrls
1199 2173 1240 2255 os
1249 2170 1296 2236 St
1314 2168 1537 2255 Artyrtstiue’a),

463 2263 714 2345 Ooutrrlmrprff
722 2267 803 2328 lead
814 2267 1164 2347 irrlcalmm,co.Keut.
1199 2270 1347 2334 nn850.
1384 2266 1537 2351 (amtor

452 2364 546 2447 serm
561 2365 600 2447 os
609 2366 667 2429 No.
683 2365 772 2445 459.)

376 2512 546 2596 Ilegnantc
571 2514 799 2596 inperpetuum
826 2514 956 2577 domino
981 2523 1091 2580 nostro
1115 2516 1220 2581 Jlresu
1246 2516 1410 2585 Christo.
1453 2515 1537 2581 eum

334 2613 429 2694 cujus
449 2611 505 2675 hic
527 2613 662 2695 imperio
683 2612 825 2676 labentis
850 2613 949 2677 seculi
968 2616 1163 2697 prosperitas
1185 2615 1222 2679 in
1243 2608 1389 2679 adversis
1410 2634 1537 2679 sueoes·

331 2712 422 2774 sibus
452 2711 567 2775 sedulo
600 2713 802 2795 permixta]
829 2712 1020 2776 conturbata
1041 2714 1217 2780 cernitur.
1250 2713 1295 2777 Et
1319 2712 1430 2777 omnio
1458 2712 1538 2777 visi·

332 2809 412 2873 bilia
439 2818 541 2893 atque
571 2809 798 2875 desiderabilia
828 2798 1015 2873 ornamenta
1044 2810 1144 2893 hujus
1172 2810 1288 2875 mundi
1312 2816 1322 2874 t
1348 2809 1467 2875 cotidie
1494 2809 1537 2875 ab

330 2907 412 2990 ipsis
440 2909 639 2973 amatoribus
669 2916 841 2972 transcunt
870 2957 877 2972 .
908 2908 985 2971 Ideo
1007 2907 1094 2972 beati
1123 2910 1245 2993 quique
1274 2929 1314 2974 ae
1343 2910 1536 2993 sapientes!

331 3005 415 3071 Cum
426 3006 479 3070 his
495 3008 642 3090 fugitivis
653 3006 752 3071 seculi
765 3006 889 3069 divitiis
900 3016 1040 3089 eterna]
1053 3006 1175 3092 jugiter
1183 3028 1394 3092 permansum
1402 3006 1536 3093 gaudia!

330 3105 459 3171 celestis
473 3108 580 3189 patrie
595 3106 730 3189 adipisci
745 3112 937 3187 properant.
1587 3114 1591 3121 '

374 3205 593 3283 Quamobrem
615 3226 672 3287 ego
693 3204 909 3266 AErtmuuo'nr
930 3202 1178 3267 occidentalium
1201 3204 1367 3269 Saxonum
1384 3224 1442 3269 rex
1462 3224 1537 3269 eum

331 3324 491 3368 consensu
504 3354 512 3369 .
524 3324 562 3367 ao
575 3303 707 3367 lieentia
722 3302 945 3383 episcoporum
961 3322 998 3365 ac
1012 3302 1193 3386 principum
1209 3323 1354 3367 meorum
1368 3304 1467 3368 etiam
1480 3322 1538 3387 pro

331 3404 473 3467 remedio
499 3404 607 3466 anime
632 3422 702 3465 mee
726 3405 735 3458 ί
761 3400 805 3462 Et
828 3420 884 3482 pro
907 3401 1090 3481 expiatione
1111 3402 1290 3465 facinorum
1311 3421 1457 3466 meorum
1478 3400 1537 3465 uli·

331 3528 429 3589 quam
445 3515 573 3590 partem
589 3512 672 3568 terre
695 3502 778 3585 juris
793 3503 858 3565 mci
872 3502 1087 3585 apostolorum
1104 3503 1287 3587 principum
1305 3504 1394 3567 I'ctn‘
1407 3523 1427 3585 J
1443 3502 1538 3567 Pauli

332 3606 482 3668 ministro
498 3605 657 3686 Pulmone
676 3600 787 3664 abbati
810 3600 845 3662 in
868 3610 1059 3682 perpetuum
1081 3600 1294 3664 hereditatem
1316 3600 1456 3665 libenter
1473 3600 1538 3666 lur-

330 3704 418 3787 gitus
433 3724 506 3766 sum
521 3707 529 3761 Ξ
546 3703 585 3764 In
599 3700 662 3763 sila
675 3720 738 3782 que
756 3710 963 3780 nuncupatur
978 3697 1177 3760 melmtss
1193 3698 1233 3761 Id
1247 3706 1315 3763 est.
1326 3714 1370 3762 xl.
1381 3749 1388 3763 .
1398 3708 1539 3765 cassatos

332 3810 371 3864 ut
385 3802 522 3865 lrabeat.
535 3799 749 3883 Jperfruatur
764 3817 861 3879 quam
879 3796 934 3858 dia
951 3796 1011 3860 sub
1026 3797 1180 3879 astrigero
1194 3796 1264 3861 celo
1275 3798 1378 3861 sitam
1392 3797 1538 3863 duxerit.

334 3901 417 3965 Cum
438 3900 590 3962 onmibus
613 3895 813 3958 utilitatibus
835 3894 876 3956 ad
899 3914 969 3957 eam
993 3896 1231 3977 pcrtinentibus
1252 3897 1376 3979 earupis
1394 3945 1403 3960 .
1424 3896 1538 3961 silvis.

333 3999 434 4083 pratis
449 4049 457 4063 .
474 3997 624 4081 pascuis.
639 3993 810 4077 piscariis.
856 3993 900 4056 Et
914 3992 1003 4057 loeus
1018 3993 1053 4055 in
1069 4014 1134 4077 quo
1148 3994 1196 4057 sal
1218 3994 1356 4077 adipisci
1376 4000 1485 4077 potest
1505 4003 1540 4060 et

332 4118 406 4160 curu
421 4117 533 4180 gressu
547 4096 645 4158 trium
670 4112 834 4155 canorum
858 4092 892 4153 in
914 4091 996 4155 silva
1019 4093 1077 4176 qui
1099 4092 1218 4156 dicitur
1236 4093 1356 4158 bleau.
1400 4092 1444 4157 Et
1464 4101 1540 4177 post

333 4197 432 4260 finem
462 4197 531 4259 uite
560 4195 648 4257 illius
677 4191 789 4255 heredi
816 4191 1008 4274 cuicumque
1040 4190 1199 4273 placuerit
1226 4191 1415 4256 eternaliter
1441 4192 1539 4257 relin-

333 4304 414 4377 quat
442 4344 451 4358 .
481 4294 580 4357 Terin
605 4297 712 4355 autem
738 4288 883 4372 predicta
907 4310 1018 4353 secura
1039 4309 1059 4371 J
1084 4290 1228 4354 inmunis
1256 4290 1403 4355 omnium
1433 4312 1539 4357 rerum

333 4402 521 4475 permaneat
551 4390 706 4473 regalium
732 4409 752 4470 J
777 4388 1003 4471 principalimn
1033 4388 1227 4452 tributorum
1253 4409 1273 4471 J
1296 4389 1331 4453 vi
1353 4398 1540 4455 exactorum

334 4510 469 4573 operum
501 4490 647 4571 furisque
679 4485 963 4569 comprelrentione
994 4535 1002 4549 .
1032 4486 1196 4569 simrdque
1224 4506 1244 4568 J
1274 4489 1364 4550 omni
1393 4486 1542 4571 populari

333 4588 509 4675 gravedine
523 4638 531 4653 .
547 4588 621 4652 Nisi
636 4585 843 4670 expeditione
858 4605 878 4666 J
893 4585 1001 4668 ponus
1017 4585 1190 4681 factione]
1206 4584 1290 4649 arcis
1310 4586 1514 4651 munitione.

631 4736 683 4785 [a]
696 4736 756 4778 aar.
765 4734 836 4785 uua,
846 4734 930 4775 conon
940 4734 988 4775 us.
998 4708 1077 4776 altra·
1085 4733 1113 4778 n.
1123 4734 1148 4784 a,
1156 4734 1175 4775 r.
1185 4735 1244 4777 rasa

384 4856 393 4889 ¹
412 4858 459 4907 'rb
474 4856 594 4905 Elmlmm
606 4856 686 4905 refers
696 4854 785 4902 Aldot
796 4849 911 4901 weruott
922 4856 950 4900 to
961 4870 976 4900 a
987 4854 1048 4902 date
1059 4853 1087 4901 of
1103 4865 1158 4902 nu.
1172 4854 1290 4913 ΜΘΗ,
1301 4853 1353 4901 and
1364 4859 1391 4901 at
1403 4856 1451 4903 8³8
1461 4854 1545 4919 pleon

243 4984 246 4990 ,
335 4951 352 4983 ι
362 4936 378 4960 “
387 4937 465 4987 carta
474 4935 508 4983 do
519 4941 589 4983 terra
599 4968 606 4983 .
618 4946 636 4982 v
646 4969 654 4984 .
665 4938 813 4981 aratrorum
825 4930 853 4979 in
865 4929 1003 4979 beabunt
1038 4930 1087 4982 Ed.
1099 4929 1238 4980 liudrici
1250 4930 1333 4991 (notu
1345 4930 1420 4994 Seu),
1429 4947 1457 4996 p·
1466 4934 1506 4986 15.
