3788 5498
277 425 341 483 ιιι
354 411 446 496 937]
666 427 870 476 armisius
890 426 933 476 ro
954 401 1096 478 emron
1417 415 1485 478 421
1569 459 1575 463 -

276 579 428 646 hbertate
448 583 623 646 tribuendo
644 583 792 647 condono
810 583 987 648 venerabili
1003 582 1139 664 collegio
1160 583 1431 648 Christicolarum
1451 584 1488 647 in

278 679 337 742 illo
357 680 477 744 celabri
499 680 570 744 loco
590 683 649 764 qui
665 682 785 745 dicitur
802 730 810 746 .
827 682 970 745 mex
987 681 1052 746 ,ad
1067 681 1238 745 ecclemam
1252 689 1367 746 macte
1381 681 1489 746 Maria

279 778 394 841 matris
414 779 539 842 domini
566 779 602 841 in
628 780 824 862 sempiterna
850 778 1065 844 hereditate.
1091 793 1129 840 vt
1153 827 1163 842 .
1187 799 1320 842 mansas
1341 777 1492 842 hilariter

281 875 505 960 impenderem
532 924 542 940 .
568 876 636 939 t'bi
664 876 798 940 ruricoli
827 877 965 960 antiquo
988 898 1051 940 usu
1074 896 1196 940 nornen
1217 876 1438 959 inposuerunt
1458 881 1493 940 et

280 975 458 1057 apellatis-o
479 975 635 1040 relatione
658 986 956 1058 nuncupaverunt.
978 977 1216 1039 Baimcuam
1230 1024 1239 1039 .
1250 976 1350 1057 juxta
1371 972 1492 1037 difica-

281 1072 360 1136 tivis
379 1093 537 1157 aquarum
559 1072 709 1136 cursibus
737 1121 746 1135 .
777 1073 834 1135 AEt
849 1072 971 1138 noddre
986 1123 995 1138 .
1008 1080 1047 1136 ut
1067 1073 1125 1136 illa
1147 1073 1275 1155 prelata
1288 1072 1494 1156 congregatio

282 1168 462 1252 predictam
486 1179 606 1235 terram
621 1170 741 1234 habeat
757 1191 804 1234 vac
833 1170 995 1252 possideat
1023 1192 1098 1235 cum
1123 1170 1278 1233 omnibus
1302 1170 1347 1234 ad
1371 1191 1407 1235 se
1432 1170 1495 1234 rite

207 1295 208 1299 ¹
283 1269 523 1350 pertinentibus
538 1269 663 1350 eampis
679 1269 781 1351 pratis
796 1268 924 1351 pascuis
939 1269 1153 1352 dirivatisque
1168 1269 1323 1333 cursibus
1336 1289 1496 1352 aquarum

284 1387 345 1431 eeu
356 1389 453 1451 supra
465 1367 610 1430 diximus
622 1369 657 1429 in
670 1374 815 1430 eternam
825 1366 1054 1431 hereditatem.
1079 1368 1154 1432 Hoc
1168 1380 1281 1431 autem
1291 1369 1498 1432 fructuosum

286 1465 433 1551 eulogige
448 1467 683 1529 munusculum
699 1466 734 1528 in
750 1465 946 1549 sempiterno
960 1466 1096 1549 graphio
1110 1487 1185 1530 cum
1201 1466 1371 1551 sigmaoulo
1385 1473 1499 1531 sancte

286 1567 391 1629 crucis
412 1576 544 1630 maneat
565 1616 573 1629 .
596 1587 656 1649 pro
679 1565 899 1646 redemptione
921 1564 1128 1646 piaculorum·
1144 1586 1291 1628 meorum
1313 1585 1441 1629 necnon
1464 1572 1499 1629 et

285 1663 510 1747 gcmmuitatis
526 1663 600 1725 mee
615 1714 624 1728 .
639 1661 793 1726 Eadtlcde
807 1712 814 1727 .
830 1669 966 1725 eatenus
988 1670 1025 1726 ut
1039 1672 1149 1726 restra
1160 1663 1348 1726 veneranda
1370 1684 1500 1728 monas·

166 1844 169 1848 .
288 1759 476 1825 tioeclassis
487 1759 806 1824 catervamedullata
819 1760 1000 1822 oratiomun
1011 1760 1289 1824 liolomustamata
1297 1761 1503 1826 concorditer

289 1859 393 1922 nostri
416 1859 606 1922 memoriam
634 1878 762 1921 summo
787 1857 914 1920 tonanti
939 1857 1164 1921 concurrendare
1189 1879 1256 1920 non
1280 1860 1415 1942 pigeat.
1450 1860 1504 1924 Sit

290 1970 401 2021 autem
420 1957 601 2041 predictam
623 1978 678 2020 rus
698 1957 741 2020 ab
763 1957 851 2019 ouini
873 1955 1031 2019 mundiali
1056 1977 1155 2019 censu
1170 1964 1205 2019 et
1219 1957 1322 2040 regali
1335 1957 1504 2023 coactione

290 2052 376 2120 liber
389 2105 398 2120 .
412 2055 560 2138 exceptis
581 2055 654 2118 istis
677 2055 782 2117 tribus
804 2054 1011 2137 expeditione
1024 2053 1108 2116 areis
1124 2055 1278 2136 pontiste
1292 2106 1301 2120 .
1317 2054 1359 2118 In
1375 2057 1504 2121 cunctis

292 2174 370 2217 vero
398 2153 647 2217 suecessoribus¹
684 2152 745 2216 hoc
778 2151 834 2234 jus
870 2151 1054 2215 donationis
1090 2152 1238 2235 augendo
1274 2154 1506 2237 amplificando

293 2253 472 2335 satagerint
491 2261 608 2334 augeat
631 2251 872 2340 amplificatque
895 2252 1122 2334 cunctiparens
1143 2252 1273 2335 genitor
1292 2253 1328 2315 in
1347 2252 1411 2317 hoc
1433 2272 1506 2337 pre·

294 2350 381 2414 senti
395 2351 498 2412 vitam
521 2348 653 2412 illorum
675 2357 710 2412 et
731 2348 817 2412 iuter
838 2347 958 2413 celibes
980 2349 1067 2413 beati
1090 2350 1267 2433 felicesque
1288 2351 1361 2414 sine
1383 2351 1449 2416 tine
1471 2349 1507 2416 in
1554 2335 1557 2340 ’
1625 2436 1628 2443 .

295 2455 405 2512 eterne
419 2447 504 2512 doxa
517 2447 664 2512 letentur
677 2498 686 2512 .

341 2546 377 2609 Si
397 2547 473 2629 quis
494 2556 605 2610 autem
627 2546 717 2629 quod
738 2567 803 2610 non
832 2553 984 2629 optamus
1011 2546 1096 2611 hanc
1126 2553 1270 2610 nostram
1299 2546 1510 2610 donationem

221 2729 224 2734 .
298 2645 473 2729 infringere
487 2647 719 2729 temptaverit.
736 2666 905 2729 perpessus
928 2645 971 2708 sit
992 2645 1109 2729 gelidis
1129 2645 1306 2729 glatiarum
1328 2644 1461 2709 tlatibas
1475 2651 1511 2711 et
1581 2717 1584 2723 ,

298 2742 512 2826 malignorum
529 2744 728 2827 spirituum
743 2743 918 2807 Terribiles
937 2749 1173 2806 tonneutorum
1193 2744 1356 2806 erutiatus
1369 2743 1513 2809 erasisse

299 2865 365 2908 non
389 2846 570 2928 quiescat
597 2866 649 2908 m
651 2865 663 2908 1
686 2845 777 2927 prius
803 2844 941 2927 inrigui‹s
966 2844 1147 2927 penitentie
1169 2845 1347 2960 gemitibus
1371 2852 1408 2909 et
1432 2864 1515 2929 pura
1570 2868 1573 2871 ’

300 2942 527 3008 emendatione
542 2943 1446 3007 emendarent.

345 3041 424 3105 Istis
439 3041 635 3104 terminibus
649 3042 795 3123 predicta
810 3048 895 3104 terra
911 3040 1148 3124 circumgprata
1161 3061 1232 3106 esse
1243 3041 1397 3108 uidetur.
1446 3106 1449 3112 .

347 3140 402 3224 Pis
416 3140 545 3222 spnden
561 3144 599 3224 ln
614 3139 693 3202 land
708 3160 845 3223 gemaero
858 3148 902 3202 at
917 3137 1191 3222 Br5dancumbe.

347 3238 393 3302 Oi
406 3237 529 3301 noddre
545 3242 634 3322 state
649 3259 695 3320 up
710 3239 778 3302 oter
792 3245 862 3302 cast
874 3238 974 3313 cumb
994 3258 1049 3321 spa
1069 3260 1104 3307 se
1124 3250 1199 3303 stan
1219 3239 1322 3323 hrycg
1341 3248 1414 3323 scyt
1429 3247 1467 3305 ιιι
1480 3246 1517 3304 to

305 3341 368 3422 lan
383 3389 391 3402 .
406 3337 565 3423 lralaauuo
587 3337 736 3419 hymelsc
756 3388 763 3400 .
785 3341 889 3421 horino
912 3347 981 3421 pest
995 3337 1093 3420 dung
1113 3336 1243 3423 luitgeri
1258 3359 1313 3422 spa
1327 3359 1362 3403 se
1375 3339 1518 3424 herepob

305 3446 393 3500 secat
418 3447 454 3500 to
480 3442 553 3522 bam
579 3437 696 3520 becngc
720 3446 754 3500 to
778 3445 882 3500 scorto
906 3436 1362 3522 hrJ·]m1m.bcunelorbhe
1382 3439 1455 3521 ysre
1476 3441 1519 3522 op
1608 3480 1612 3490 ·

303 3533 512 3618 hringpoldes
538 3542 630 3618 treop
657 3583 665 3597 .
688 3539 793 3618 bourie
820 3534 918 3617 Jlaug
942 3534 1098 3618 hcrpolaes
1127 3536 1163 3598 in
1193 3557 1237 3600 ou
1266 3536 1385 3620 beonge
1410 3587 1419 3601 .
1444 3537 1518 3600 ford
1573 3554 1577 3563 ·

304 3632 524 3716 ponne31ang
546 3643 702 3695 streames
724 3636 764 3716 op
786 3630 941 3694 oxnaford
956 3682 964 3695 .
981 3635 1085 3716 ponne
1106 3636 1174 3718 laer
1192 3635 1264 3698 ofer
1281 3654 1327 3698 on
1340 3654 1404 3700 ane
1417 3633 1518 3699 lake.

307 3731 413 3812 bonne
427 3729 526 3812 ]lang
541 3729 616 3792 lake
631 3731 679 3793 est
694 3730 729 3791 in
743 3750 785 3792 on
802 3728 946 3793 noddre.

351 3832 436 3894 Acta
461 3842 513 3895 est
537 3831 599 3896 hec
622 3831 748 3915 prelata
774 3830 933 3894 donatio.
957 3832 1054 3894 Auno
1077 3834 1120 3896 ab
1149 3833 1373 3898 incarnatione
1394 3833 1521 3898 domini
1634 3892 1637 3897 .
1672 3811 1674 3814 .

254 4010 256 4015 ,
308 3933 413 3998 nostri
429 3933 536 3997 Jhesu
552 3933 702 3997 Christi.
718 3949 821 3995 occec
837 3948 977 3996 man.
993 3933 1268 4000 Indictioue.x.
1363 3947 1369 3955 ·

439 4063 510 4144 Ego
518 4060 730 4142 AEbelstanus
745 4079 800 4122 rex
816 4060 1122 4142 utiusssncmnnie
1138 4063 1299 4146 prefatam
1313 4061 1523 4127 donationem
1605 4047 1607 4050 Α

571 4180 647 4221 cum
662 4157 771 4238 sigillo
784 4166 895 4220 saucte
910 4159 1014 4222 crucis
1028 4161 1243 4225 continuati.
1537 4214 1542 4225 .

443 4263 511 4346 Ego
548 4260 720 4346 Vulthelm
758 4260 1046 4374 Dorobo[r]uensis
1089 4261 1226 4328 ecclesie
1262 4262 1524 4348 archiepiscopus

573 4362 720 4474 ejusdem
735 4382 819 4445 rems
832 4362 1041 4427 donationem
1063 4385 1140 4428 cum
1158 4364 1296 4447 tropheo
1316 4385 1400 4508 agye
1418 4365 1525 4429 crucia

576 4461 788 4544 consignavi.

444 4561 514 4645 Ego
528 4559 690 4624 AEltheah
706 4558 929 4643 Vintoniensis
950 4558 1085 4625 ecclesie
1106 4561 1278 4646 episcopus
1292 4500 1524 4646 triumphalem

575 4657 751 4741 tropheum
765 4677 847 4740 agye
862 4658 968 4721 crucis
983 4659 1146 4741 inpressi.

783 4781 793 4815 ¹
809 4781 881 4848 [qm]
893 4784 1017 4845 hund.
1028 4780 1066 4834 tt.
