3788 5498
401 680 469 749 5⁷4
782 696 951 745 sinuoso
972 696 1016 745 ro
1037 696 1229 747 mummi.
1438 686 1520 772 [nn.
1534 690 1612 770 946.

400 1028 473 1091 ma
497 1024 603 1091 omre
624 1027 664 1108 ny
685 1028 778 1109 neq
799 1027 977 1091 naa-‚amn
1000 1034 1030 1090 a
1052 1029 1102 1091 tn
1124 1031 1218 1112 any„
1236 1031 1401 1109 mium,
1421 1035 1462 1117 os
1477 1034 1560 1097 aaa
1579 1007 1615 1096 aa

461 1124 541 1189 Waest
561 1132 646 1201 tuae,
660 1146 698 1188 or
719 1125 851 1203 Wrstoa
865 1147 907 1188 ma
921 1126 972 1188 the
986 1126 1025 1189 n.
1041 1126 1147 1203 Acon,
1159 1149 1200 1191 oo.
1216 1126 1373 1194 &aena
1416 1145 1481 1196 nn.
1496 1131 1569 1194 946.

876 1262 931 1327 Dn
944 1262 1120 1327 Wnsrone
1134 1313 1143 1327 .

444 1391 487 1469 »Β
509 1388 551 1451 Ιιι
566 1388 697 1451 nomine
713 1388 777 1451 Dei
792 1387 913 1452 summi
929 1393 963 1451 et
978 1385 1130 1451 altissimi
1144 1387 1415 1455 Jhesquristi.
1607 1457 1611 1464 ,

443 1488 601 1570 Egregius
610 1487 759 1569 agonista
770 1484 1006 1549 sermocinatus
1016 1490 1068 1549 est
1079 1485 1113 1548 in
1126 1485 1296 1569 scripturis
1307 1486 1430 1551 divinis
1443 1536 1452 1551 .
1466 1488 1616 1551 “Omnia

398 1605 472 1668 quse
483 1585 637 1647 ridentur
651 1584 845 1668 temporalia
860 1590 938 1647 sunt
953 1632 961 1646 .
974 1604 1047 1665 quae
1062 1595 1173 1646 autem
1188 1604 1254 1646 non
1263 1584 1419 1648 videntur
1431 1588 1441 1645 ι
1455 1584 1614 1649 aeterna”.

399 1687 522 1751 Icciroo
543 1685 709 1769 superflua
730 1685 902 1750 utentibus
924 1684 1058 1748 divinus
1080 1705 1186 1749 sermo
1207 1691 1247 1749 ut
1266 1685 1486 1768 suprataxati
1501 1704 1616 1749 sumus

399 1785 589 1849 terribiliter
602 1792 781 1868 praemonet
804 1790 843 1847 ut
863 1783 964 1866 hujus
986 1782 1097 1846 seculi
1120 1781 1244 1847 oeduca
1263 1790 1533 1868 contempnentes
1548 1784 1614 1868 spi·

399 1884 572 1967 ritaliaqae
586 1883 755 1947 imitantes
769 1882 914 1946 eoelestia
937 1901 1147 1966 properemus
1160 1881 1203 1945 ad
1216 1902 1341 1966 regum.

443 1982 660 2060 Quamobrem
683 2002 741 2065 ego
763 1982 979 2045 Esnnus'ncs
1001 1980 1160 2045 desiderio
1180 1980 1271 2064 regni
1293 1979 1437 2046 caelestis
1455 1980 1615 2046 exardens

400 2082 530 2145 favente
544 2101 684 2164 superno
699 2080 834 2144 numine
849 2079 998 2162 basyleos
1013 2079 1194 2162 Anglorutn
1210 2078 1451 2163 multarumque
1464 2081 1613 2162 gentium

402 2181 438 2244 in
460 2181 599 2245 circuitu
625 2179 901 2263 persistentium.
925 2177 1055 2242 cuidam
1079 2178 1234 2262 adoptivo
1257 2177 1347 2242 fideli
1372 2199 1446 2242 meo
1470 2179 1620 2242 ministro

401 2279 533 2342 nomine
544 2276 740 2359 AEbetnnnh
753 2276 795 2341 ob
807 2275 897 2340 illins
908 2275 1049 2339 amabile
1060 2274 1253 2359 obsequium
1262 2276 1295 2340 ei
1304 2275 1446 2341 libenter
1452 2274 1620 2359 largiendo

402 2377 548 2460 quinque
563 2395 693 2438 mansas
709 2424 716 2438 .
732 2374 856 2437 ibidem
870 2374 929 2437 ubi
943 2374 1096 2459 vulgmes
1116 2375 1224 2458 prisco
1240 2374 1526 2458 moremobilique
1540 2374 1621 2439 rela-

402 2477 492 2539 tione
501 2474 646 2538 uocitant
656 2488 707 2536 int
719 2473 899 2557 Vestrum:
911 2523 918 2536 .
930 2479 1112 2537 mtenusut
1122 2474 1193 2537 vita
1201 2469 1401 2538 comite‘tam
1411 2474 1496 2538 fidus
1510 2482 1620 2538 mente

402 2595 503 2658 quam
525 2573 676 2636 subditus
698 2571 851 2654 operibus
878 2571 960 2635 mihi
982 2571 1143 2655 placabile
1165 2572 1361 2657 obsequium
1382 2573 1525 2658 praebeat
1545 2622 1554 2638 .
1576 2574 1620 2637 Et

404 2693 513 2736 meum
534 2680 610 2755 post
631 2670 757 2734 obitum
781 2669 965 2753 cuicunque
988 2690 1134 2735 meorum
1156 2672 1337 2735 amicorum
1352 2671 1486 2736 voluero
1507 2671 1619 2736 eadem

406 2771 561 2834 fidelitate
576 2767 754 2833 immobilis
776 2767 995 2851 obediensque
1020 2768 1100 2832 tint.
1146 2768 1266 2853 Sioqne
1291 2789 1406 2834 omnes
1428 2770 1621 2855 posteriores

405 2871 573 2954 pneiatanr
594 2877 714 2933 terram
743 2866 946 2951 possidentes
968 2867 1004 2930 in
1027 2866 1089 2931 hoc
1110 2866 1243 2933 decreto
1256 2868 1398 2934 fideliter
1420 2869 1620 2954 persistant.

406 2970 505 3033 sicuti
526 2969 619 3033 decet
640 2967 790 3030 ministro
806 2973 844 3028 ιιι
859 2965 1050 3029 fidelitatem
1073 2966 1237 3030 custodiat
1257 2988 1368 3031 coram
1382 2967 1455 3032 Deo
1468 2975 1501 3031 et
1517 2967 1622 3031 omni·
1711 2957 1720 2967 ’

405 3067 589 3132 buseleetis
603 3068 676 3147 ejus
691 3115 698 3129 .
714 3086 788 3129 enm
804 3064 907 3146 pratis
930 3065 1059 3147 pascuis
1081 3085 1209 3130 necnon
1232 3072 1266 3130 et
1287 3066 1382 3131 silvis
1401 3066 1622 3150 silvarumque

407 3167 644 3232 densitatibus.
657 3166 782 3229 donans
797 3164 925 3228 donabo
940 3163 1125 3229 libertatem
1137 3172 1195 3229 ,ιιι
1207 3163 1279 3229 banc
1291 3185 1445 3249 prospere
1459 3166 1624 3250 possideat

408 3264 459 3329 ac'
482 3266 679 3330 aeternaliter
702 3271 810 3328 teneat
833 3261 913 3325 dunt
940 3261 1039 3343 hujus
1063 3262 1205 3327 labentis
1227 3262 1292 3327 aevi
1320 3284 1452 3328 cursum
1474 3271 1621 3328 tmnseat

409 3362 522 3428 illesus
536 3373 634 3448 atque
650 3361 760 3425 vitalis
782 3360 918 3444 spiritus
932 3361 975 3423 in
998 3360 1204 3444 corruptibili
1218 3380 1316 3426 earne
1330 3361 1498 3426 inhaereat
1514 3411 1522 3426 .
1538 3362 1619 3426 Post

409 3482 444 3526 se
458 3471 568 3525 autem
583 3461 688 3525 veluti
708 3458 942 3523 affirmasimus
957 3508 965 3522 .
981 3459 1175 3543 cuicumque
1188 3456 1332 3524 voluerit
1352 3459 1465 3524 heredi
1479 3460 1622 3524 derelin-

408 3570 507 3644 quat.
553 3561 628 3624 liat
642 3559 764 3625 etenim
779 3557 915 3643 praelata
930 3567 1017 3621 terra
1038 3559 1081 3622 ab
1102 3559 1192 3622 omni
1214 3559 1325 3624 servili
1337 3559 1417 3643 jugo
1429 3558 1533 3623 libera
1547 3564 1622 3622 otim

409 3659 560 3723 omnibus
575 3658 636 3722 sibi
652 3666 739 3721 recte
754 3655 995 3741 pertinentibus
1008 3656 1173 3740 ,exceptis
1190 3658 1244 3722 his
1257 3658 1382 3733 tribus.
1394 3656 1622 3742 expeditione.

409 3756 519 3839 pontis
540 3807 549 3821 .
571 3757 696 3820 arcisve
722 3754 1001 3819 coaedificatione³.
1047 3754 1173 3839 Siquis
1193 3776 1272 3820 vero
1293 3755 1358 3819 atri
1380 3753 1528 3819 demonis
1552 3754 1625 3819 fuce

409 3854 631 3918 inflammatus
660 3861 772 3917 contra
797 3852 860 3916 boc
889 3859 1038 3917 nostrum
1068 3853 1233 3919 decretum
1263 3852 1353 3938 quod
1382 3860 1535 3917 neutrum
1565 3858 1627 3917 aut

410 3960 561 4036 optamus
571 3951 624 4016 vel
640 3951 862 4016 desideramus
876 3951 1058 4016 machinari
1072 3952 1314 4037 inffingmeque
1327 3951 1455 4036 aliquid
1462 3951 1623 4017 voluerit.

409 4051 493 4115 sciat
506 4071 541 4115 se
555 4058 683 4114 trusum
699 4050 761 4114 sub
775 4049 864 4112 unda
880 4048 982 4134 Stigei
1004 4049 1151 4115 litaminis
1165 4099 1174 4115 .
1189 4056 1290 4135 etque
1302 4071 1380 4116 oum
1393 4050 1463 4115 illis
1475 4048 1627 4115 nefandis

409 4149 516 4232 legem
530 4149 596 4214 Dei
610 4147 917 4232 blasphemantibus
931 4149 966 4211 in
981 4147 1074 4231 picea
1089 4148 1238 4214 custodia
1256 4156 1351 4215 tetrae
1364 4149 1518 4213 tortionis
1531 4168 1626 4212 mun·

410 4247 577 4330 cipatam.
599 4246 663 4310 nisi
686 4247 778 4331 prius
800 4245 924 4310 Christi
948 4246 1171 4311 cohortatione
1195 4246 1383 4332 compulsus
1408 4246 1452 4311 od
1475 4246 1625 4311 satisfac·

410 4345 534 4408 tionem
548 4345 618 4408 vita
632 4344 751 4409 comite
769 4343 964 4408 festinanter
977 4344 1186 4429 pervenerit.

455 4448 641 4512 Dicisioaes
688 4447 741 4529 Pis
767 4446 852 4530 synd
877 4448 918 4533 lta
943 4445 1022 4509 land
1047 4467 1088 4530 ge
1112 4467 1213 4511 mtcru
1236 4450 1305 4531 ta.
1327 4463 1565 4512 vu11.aeoerus
1586 4448 1627 4533 ΡΘ

411 4545 563 4631 AEpelere
588 4544 666 4609 ahte
681 4594 689 4609 .
703 4547 744 4632 po
766 4547 895 4631 sceotap
916 4564 960 4608 on
982 4543 1066 4609 oden
1088 4546 1245 4610 aeoer.ol
1264 4545 1350 4611 oden
1374 4565 1474 4610 aeoere
1496 4542 1566 4608 dun
1590 4550 1627 4608 to

412 4647 476 4727 pas
490 4645 608 4728 hegges
628 4644 758 4726 hyrnan
774 4694 782 4708 .
797 4643 942 4727 andlang
962 4642 1082 4727 hegges
1096 4694 1105 4709 .
1120 4664 1176 4728 spa
1196 4644 1286 4708 adun
1307 4650 1344 4709 to
1365 4647 1439 4731 pum
1451 4643 1546 4707 broce
1559 4690 1569 4706 .
1584 4661 1627 4705 on

413 4743 538 4825 kpnges
559 4742 645 4827 pudn
661 4793 669 4807 .
684 4743 828 4828 andlang
848 4743 962 4808 broces
984 4763 1031 4826 up
1052 4750 1089 4807 to
1110 4741 1221 4826 bstles
1241 4743 1360 4808 cumbe
1381 4749 1417 4806 to
1433 4744 1507 4828 tom
1521 4738 1627 4822 hege.

413 4842 451 4904 ol
467 4847 541 4926 pam
563 4841 644 4925 hege
666 4862 712 4925 up
733 4862 819 4906 enan
841 4862 936 4907 aenne
957 4861 1040 4907 aecer
1060 4842 1165 4906 innan
1186 4841 1276 4928 pudu
1294 4841 1354 4907 ‚ol
1375 4844 1449 4928 pum
1470 4858 1569 4905 recem
1590 4845 1629 4903 to

577 4973 734 5039 ΗΜΛ.
814 4997 818 5001 ·
899 4974 1021 5077 ¹an
1174 4973 1462 5071 'mk
