3788 5498
458 594 555 666 500'
644 591 646 594 ’
871 612 1014 662 annoso
1034 612 1078 660 m
1099 611 1260 659 mrnrna.
1503 593 1674 680 [ao.941.
1769 637 1772 643 ι

461 774 599 839 Maneat
613 772 714 856 igitur
728 771 790 835 hoc
804 769 972 834 immobile
980 769 1104 834 donum
1113 776 1231 833 eterna
1241 769 1392 834 libertate
1403 767 1584 850 jocundum
1598 784 1674 831 cum

459 872 611 937 omnibus
626 891 691 954 que
713 869 753 934 ad
776 863 886 954 ipsum
908 868 1017 932 locum
1038 868 1204 952 pertinere
1225 866 1441 932 dinoscuntur
1454 875 1523 931 tam
1536 866 1573 930 in
1587 865 1675 930 notia

460 972 568 1036 causis
582 980 616 1034 et
631 969 751 1053 ignotis
765 969 800 1032 in
823 967 961 1032 modicis
980 974 1016 1031 et
1036 969 1072 1030 in
1092 966 1224 1050 magnis
1245 967 1369 1050 campis
1382 1017 1390 1032 .
1405 966 1537 1050 pascuis
1549 964 1674 1050 pratis.

461 1069 554 1133 silvis
569 1068 790 1151 silvarumque
806 1066 1025 1130 densitatibus
1046 1065 1174 1128 donans
1195 1065 1324 1129 donabo
1338 1065 1525 1130 libertatem
1540 1069 1676 1147 excepto

462 1168 627 1233 communi
649 1166 771 1230 labore¹
795 1164 1009 1249 expedicione
1031 1165 1142 1247 pontis
1164 1165 1293 1230 arcisve
1314 1165 1559 1229 construccione
1581 1213 1589 1229 .
1612 1161 1677 1227 Sed

462 1276 573 1330 tamen
595 1264 774 1349 torpentes²
798 1264 939 1328 avaricie
963 1264 1128 1327 incessum
1154 1263 1246 1326 omui
1272 1263 1367 1327 modo
1390 1264 1425 1327 in
1451 1263 1582 1328 nomine
1604 1262 1677 1345 agie

462 1366 599 1428 aratoris
620 1366 662 1428 ab
682 1364 833 1427 omnibus
855 1362 1341 1426 eluistianisinterdicto⁸.1ta
1363 1369 1401 1424 ut
1423 1383 1533 1426 meum
1554 1361 1677 1425 donum

463 1466 703 1528 corroboratum
720 1464 763 1526 sit
778 1483 853 1526 cum
869 1461 1037 1545 signaculo
1057 1470 1172 1524 sancte
1193 1461 1300 1524 crucis
1315 1461 1429 1543 etjam
1444 1461 1473 1524 si
1487 1460 1562 1544 quis
1576 1459 1677 1522 alium

463 1564 637 1646 antiquum
652 1562 772 1625 libmm
788 1561 823 1624 in
839 1560 1013 1644 propatulo
1025 1558 1201 1643 protulerit
1216 1580 1277 1624 nec
1292 1559 1354 1623 sibi
1369 1580 1430 1624 nec
1443 1559 1518 1623 aliis
1532 1558 1678 1643 proficiat

463 1661 571 1727 sedin
586 1661 782 1743 sempiterno
796 1659 931 1743 graphio
944 1657 1142 1721 delectaret
1155 1678 1232 1721 curn
1250 1658 1350 1740 justis
1365 1679 1430 1722 non
1445 1657 1606 1722 scribatur
1618 1676 1680 1722 uec

465 1761 619 1825 audiatur
633 1808 641 1823 .
656 1759 685 1822 si
700 1759 758 1843 qni
773 1758 915 1840 denique
930 1756 1031 1820 michi
1045 1777 1112 1819 non
1134 1759 1265 1840 optanti
1280 1756 1365 1822 hanc
1380 1757 1543 1822 libertatis
1557 1762 1679 1820 cartem

465 1859 569 1924 livore
594 1858 738 1942 depressi
765 1856 880 1920 violari
906 1855 1084 1939 satagerint
1106 1856 1295 1938 agminibus
1319 1863 1402 1920 tetre
1427 1855 1577 1938 caliginis
1595 1853 1681 1938 lapsi

465 1979 580 2023 vocem
602 1957 745 2021 audeant
759 1955 1013 2020 examinacionis
1026 1953 1080 2018 die
1101 1955 1237 2019 arbitris
1251 1955 1315 2019 sibi
1331 1954 1470 2020 dicentis
1483 1962 1502 1988 ⁴‘
1513 1953 1680 2019 Discedite

466 2078 487 2122 a
501 2079 554 2122 me
569 2056 735 2120 maledieti
746 2055 781 2118 in
793 2055 902 2138 ignem
916 2053 1084 2117 eternum'’
1095 2053 1155 2117 ubi
1167 2074 1243 2118 cum
1253 2053 1445 2119 demonibus
1455 2054 1567 2120 ferreis
1581 2060 1681 2117 sarta·

466 2157 598 2241 g'nibus
613 2154 736 2220 crudeli
753 2160 968 2237 torqueantur
982 2153 1018 2216 in
1036 2172 1123 2236 pena
1138 2153 1168 2217 si
1183 2174 1250 2217 non
1265 2164 1341 2218 ante
1356 2164 1495 2219 mortem
1509 2153 1607 2237 digua
1619 2152 1682 2217 hoc
1712 2162 1714 2167 '

468 2256 692 2321 emendaverit
706 2253 911 2338 penitencia.

513 2355 592 2418 Istis
607 2354 803 2419 terminibus
818 2351 965 2436 predicta
980 2358 1067 2415 terra
1081 2350 1311 2436 circumgirata
1326 2373 1396 2417 esse
1411 2352 1561 2418 videtur.

513 2451 551 2522 (i
574 2455 668 2518 Erest
684 2474 725 2517 on
742 2450 1013 2516 Scherdenbcrvre
1035 2451 1274 2534 endlengvreies
1295 2473 1337 2516 on
1358 2473 1400 2515 an
1418 2451 1564 2535 burgbeu
1579 2455 1683 2538 banea

468 2574 510 2617 on
534 2574 595 2618 ane
617 2554 775 2616 firesrevre
798 2555 903 2636 lunen
925 2571 970 2613 on
991 2549 1211 2633 langengroue
1234 2550 1400 2614 suthuard
1421 2551 1510 2615 adun
1531 2571 1575 2614 on
1599 2571 1684 2615 aune

469 2654 536 2736 rige
559 2662 594 2715 to
616 2661 735 2715 strcme
758 2649 1054 2733 eudelangstremes
1075 2671 1121 2712 on
1136 2649 1352 2734 daggenesord
1368 2653 1472 2735 barren
1489 2670 1535 2734 up
1550 2670 1592 2713 on
1607 2649 1685 2736 dog·

469 2751 657 2834 geueberue
672 2756 776 2835 barren
799 2770 842 2814 on
865 2747 1028 2811 amesbeal
1043 2750 1151 2831 banea
1173 2770 1216 2812 on
1239 2753 1296 2833 lur
1317 2748 1389 2814 eide
1411 2750 1532 2835 lidjate
1555 2749 1685 2815 adeun

469 2870 512 2912 on
535 2841 840 2913 herebrittescombe
861 2868 905 2911 on
927 2849 1009 2929 bane
1029 2856 1149 2912 strenia
1167 2846 1310 2932 ondlang
1329 2856 1466 2913 stremes
1485 2869 1528 2912 on
1543 2848 1688 2913 babban-

471 2947 579 3011 mede⁴
590 2998 597 3012 .
609 2951 715 3035 banea
735 2967 777 3013 ou
800 2946 917 3010 bauan
935 2946 1078 3030 endlang
1096 2947 1215 3012 barren
1235 2969 1278 3011 on
1293 2951 1355 3035 ban
1371 2948 1448 3013 here
1462 2949 1542 3033 path
1559 2951 1686 3036 ‚barren

471 3066 516 3109 on
531 3067 591 3109 ane
603 3046 678 3110 dich
696 3044 837 3129 ondlang
851 3045 929 3110 dieb
944 3066 988 3109 on
1001 3046 1153 3129 biminge
1167 3050 1274 3132 banea
1289 3069 1331 3112 on
1346 3048 1552 3133 bradeleighe
1563 3097 1570 3112 .
1582 3051 1687 3134 barren

473 3165 516 3208 on
533 3143 734 3231 stibeleigbe⁶
746 3143 933 3208 southward
944 3151 1050 3229 barren
1060 3147 1162 3210 onsic
1173 3148 1209 3210 oi
1222 3152 1285 3232 ban
1296 3149 1361 3213 sice
1370 3169 1411 3212 on
1424 3149 1688 3232 boumandigne.

475 3247 580 3328 brnen
596 3263 698 3326 upon
721 3242 851 3306 douneu
874 3243 918 3306 tit
940 3263 983 3305 on
1004 3263 1090 3307 anne
1112 3243 1221 3309 beued
1236 3246 1344 3335 Wrigt
1358 3251 1463 3332 tranen
1477 3267 1521 3310 on
1534 3249 1594 3332 bar
1606 3246 1696 3311 Erae·

475 3341 627 3407 Waldicb
644 3391 651 3404 .
668 3346 773 3427 lunen
796 3362 816 3404 a
837 3340 946 3405 doune
967 3361 1011 3405 ou
1032 3341 1110 3405 bere
1132 3343 1213 3426 patb
1236 3348 1340 3428 lunen
1362 3366 1405 3409 on
1426 3348 1465 3430 pe
1487 3343 1690 3410 merhawin.

475 3441 618 3523 eudlang
632 3440 741 3503 bunia
757 3461 799 3504 on
816 3440 1099 3526 rissbdenelunen
1111 3462 1155 3505 on
1165 3444 1394 3509 neodbournen
1406 3444 1691 3528 andlangstremes

477 3542 581 3624 banea
597 3560 639 3603 on
662 3543 723 3625 ban
748 3538 873 3602 rissbed
895 3541 1000 3624 tranen
1022 3561 1065 3603 on
1087 3540 1234 3624 apildore
1257 3547 1360 3629 barren
1382 3545 1448 3632 ri3t
1468 3565 1511 3608 ou
1526 3544 1691 3608 cristeme-

476 3636 583 3720 leighe
608 3687 615 3700 .
643 3640 748 3722 banea
775 3658 818 3699 on
843 3639 900 3722 par
922 3638 997 3702 thre
1021 3638 1214 3705 landschere
1237 3642 1272 3705 oi
1300 3646 1363 3727 pan
1389 3663 1433 3707 ou
1462 3647 1501 3728 be
1530 3642 1691 3707 merhavre
1740 3643 1741 3648 ’

477 3737 618 3820 andlang
641 3737 749 3799 bauin
772 3757 816 3798 ou
839 3736 1034 3819 hengersten
1057 3741 1162 3822 lunen
1185 3760 1228 3802 ou
1250 3760 1293 3803 an
1316 3741 1409 3805 witbi
1432 3744 1535 3825 lunen
1558 3742 1692 3830 rigtwey

479 3840 583 3921 tranen
598 3857 640 3899 on
656 3836 768 3919 igland
782 3857 825 3898 ou
839 3856 884 3898 an
899 3837 1016 3919 pirnca
1031 3841 1139 3921 banea
1154 3860 1197 3902 on
1213 3849 1332 3903 strenae
1347 3839 1489 3923 ondlang
1500 3849 1634 3905 stremes
1648 3862 1693 3904 ou

478 3937 541 4018 lun
557 3934 736 3997 rucrebaue
753 3933 894 4016 eudbang
911 3934 1018 3998 bauin
1030 3957 1073 3999 on
1085 3936 1347 4002 bledbildeuellc
1358 3945 1463 4024 barren
1477 3939 1693 4005 boundesete.

478 4035 584 4119 panea
599 4052 642 4094 on
658 4035 719 4116 ban
735 4031 911 4096 southerne
926 4032 1130 4122 ii'istonwej·
1146 4040 1252 4120 lunen
1267 4059 1309 4100 ou
1325 4059 1410 4102 anne
1424 4038 1556 4123 bortbn⁶
1570 4089 1577 4102 .
1589 4043 1694 4124 barren

480 4153 523 4196 on
537 4130 872 4216 Sebepleglr'e.}›anen
884 4132 1046 4218 andelang
1058 4134 1137 4199 bere
1146 4136 1263 4219 patbes
1275 4138 1375 4202 eston
1387 4137 1696 4224 Soherdanbourgb.

524 4237 608 4298 Acta
624 4241 675 4298 est
689 4235 749 4299 bec
764 4237 889 4318 prefata
904 4236 1040 4301 donacio
1054 4258 1143 4301 anno
1158 4240 1200 4303 ab
1216 4240 1440 4305 incarnacione
1454 4240 1577 4305 domini
1591 4243 1697 4308 nostri

481 4334 1411 4404 Ihesucuristi.o.c.c.c.c.xn.iudicci0ne.xm1.

614 4493 654 4572 υἷι
679 4491 746 4577 Ego
762 4491 1698 4580 EdmundusrexAnglorurnprefatamdonacionemcurn
1817 4582 1819 4586 Α

747 4591 856 4677 sigillo
870 4602 983 4658 sancte
996 4595 1102 4659 crucis
1117 4595 1304 4662 subarravi.

533 4803 894 4874 mazabamus
970 4809 1103 4867 ¹·tiaK.
1181 4811 1336 4878 ι-ιὶἰοο,Ι(.
1413 4812 1699 4877 ‘Babbnmrnsqu

484 4879 751 4950 'suadaeigwt
848 4886 998 4952 ‘mk
