3788 5498
195 484 261 533 au.
275 470 366 554 68u]
533 492 691 541 menna
712 494 755 542 ro
776 494 1078 547 nnnrsmusrrnr.
1387 504 1409 549 v

198 746 264 810 sao
278 748 380 829 (aaa).
404 748 509 812 erra
531 752 569 834 ry
582 753 733 829 marra-u,
746 754 840 835 rra-'p
853 756 894 837 os
915 755 965 819 aa
980 720 1150 832 irruam,
1165 764 1197 821 a
1210 756 1263 819 nc
1278 756 1408 820 nom

325 854 393 929 terp
407 852 447 931 os
455 849 722 927 ⁴liodradaaristide,
735 852 866 934 oslund
885 860 921 916 ut
935 853 1174 935 Iaeuyttriuluru
1217 854 1327 919 About
1341 868 1406 919 lu).
1488 854 1491 859 ’
1562 828 1565 833 ¹
1617 836 1624 843 Ι

323 946 397 1010 680.

236 1076 450 1140 ,ffirmnnnus
464 1078 622 1161 gloriosus
637 1102 693 1145 rex
709 1082 948 1147 Mercianornm
963 1104 1039 1147 cum
1053 1085 1200 1149 venisset
1213 1086 1320 1169 gratia
1335 1106 1407 1149 ora·

194 1174 323 1237 tionum
345 1175 573 1239 lucrandarum
603 1188 638 1242 et
659 1181 850 1243 visitendi1.
873 1181 935 1245 Dei
965 1202 1075 1245 sersus
1103 1184 1147 1245 ad
1167 1184 1407 1247 monasterium
1434 1232 1440 1243 .

182 1275 425 1339 monachornm
451 1278 539 1360 quod
562 1288 786 1343 construe-turn
811 1288 878 1344 crat
905 1281 939 1343 in
962 1280 1034 1345 loen
1056 1283 1110 1345 cui
1132 1282 1332 1346 smabulnm
1354 1291 1407 1348 cst

194 1372 495 1437 Mennsnmsrrznn
511 1376 544 1437 in
560 1377 689 1459 regione
705 1378 901 1460 Gyri-iorum
917 1399 975 1461 pro
989 1381 1133 1445 remedio
1153 1382 1274 1445 animae
1288 1402 1357 1445 suae
1371 1389 1407 1446 et

193 1470 353 1536 desiderio
371 1475 449 1536 vitre
476 1484 605 1539 aeternae
635 1474 778 1537 inventis
794 1476 946 1540 imtribus
967 1477 1003 1539 in
1027 1478 1184 1560 praedicto
1206 1481 1406 1545 monasterie

192 1576 311 1633 terram
337 1572 474 1634 tradidit
488 1621 496 1635 .
512 1593 585 1655 qua·
599 1574 761 1635 vocitatur
784 1573 1043 1638 Lucunnrcncx
1069 1625 1078 1638 .
1100 1592 1205 1641 m.
1231 1587 1406 1643 manentes

191 1667 390 1733 habentem.
435 1671 514 1734 l'ost
529 1691 593 1733 non
614 1671 757 1734 multum
772 1691 850 1734 vero
871 1673 1025 1754 temperis
1046 1694 1120 1737 eum
1143 1694 1186 1738 ex
1207 1676 1406 1759 supradictis

192 1766 348 1831 fratribus
370 1769 505 1851 quidam
527 1770 666 1833 erurdem
689 1790 796 1853 regem
812 1769 1016 1833 AEdilrednm
1031 1772 1187 1855 qnadam¹
1208 1774 1252 1837 ob
1272 1794 1405 1839 causam

192 1864 322 1930 adirent
335 1868 405 1951 ipse
420 1889 476 1932 rex
489 1869 531 1931 ob
542 1869 785 1931 continuatione
801 1876 833 1931 et
849 1867 883 1929 in
898 1869 1120 1933 testimoninm
1135 1892 1203 1935 sna·
1218 1872 1404 1937 donationis

193 1964 230 2025 in
245 1967 375 2049 proprio
391 1966 542 2029 cubiculo
556 1974 590 2029 et
605 1987 714 2030 comm
737 1966 852 2029 multis
874 1966 1014 2029 testibus
1034 1966 1163 2049 glebam
1182 1980 1350 2051 sumptam
1363 1970 1406 2035 de
1487 1990 1490 1997 ·
1512 2018 1518 2029 .

192 2064 328 2147 praelata
337 2076 423 2128 terra
432 2066 691 2129 Lnrmrmcnus·
704 2065 859 2147 imposuit
873 2084 969 2146 snper
979 2065 1124 2129 codicem
1136 2067 1404 2150 evangeliorum.

236 2162 377 2226 Ili-sunt
392 2172 492 2226 testes
504 2163 560 2245 qui
575 2173 753 2244 praesentes
762 2162 920 2225 aderant.
954 2162 1117 2226 Sauxullus
1127 2165 1300 2247 episcopus
1313 2166 1405 2229 Mar·

193 2260 519 2325 cianorun1.ll'ecea
549 2269 582 2323 et
606 2260 778 2323 Berbtlrun
805 2259 954 2323 monachi
976 2310 985 2323 .
1009 2268 1044 2323 et
1068 2261 1278 2343 Hostbryba²
1302 2263 1406 2345 ipsius
1483 2322 1486 2327 .

194 2362 280 2441 regis
305 2362 417 2445 regina
438 2410 446 2423 .
469 2360 632 2423 Her-init.
653 2370 687 2423 et
712 2359 842 2421 Eadlrit
867 2358 1031 2441 principes
1055 2360 1141 2442 regis
1164 2358 1327 2423 AEdilrcdi
1341 2410 1351 2425 .
1365 2368 1407 2425 nt

193 2459 387 2541 inpemetno
416 2458 528 2521 nullus
559 2457 666 2540 fragili
695 2465 728 2521 et
758 2457 901 2539 ancipite
923 2477 962 2519 ac
990 2453 1101 2520 inrita
1125 2456 1204 2521 lrnic
1233 2456 1408 2523 benedicta

193 2557 369 2621 donatione
384 2557 553 2619 christiani
567 2556 651 2640 regis
666 2556 827 2619 AEdilrcdi
842 2555 1000 2619 contraire
1014 2576 1096 2618 ausu
1111 2555 1285 2619 temerario
1298 2566 1406 2641 ternp-

191 2662 276 2718 taret
292 2706 300 2719 .
314 2656 374 2739 qui
388 2657 452 2720 sibi
467 2656 612 2719 divinam
635 2656 844 2720 donationem
866 2654 978 2719 adesse
999 2664 1129 2739 optaret
1149 2656 1186 2718 in
1208 2655 1321 2720 lutura
1336 2656 1407 2721 vita

190 2754 322 2818 Amen.

552 2852 1036 2907 ussoeanuammmcuau

277 3186 342 3249 841
366 3186 467 3269 (49c)
490 3186 723 3270 appetierant
738 3187 779 3267 os
787 3185 997 3269 madefiat
1011 3184 1113 3247 Actor
1126 3186 1166 3267 (μ’
1175 3184 1321 3269 Βνοιῖιυι.ι

235 3316 277 3378 In
293 3317 424 3380 nornine
439 3315 564 3379 domini
579 3314 683 3378 Jlresu
700 3313 823 3377 Christi
844 3312 1035 3377 salvatoris.
1051 3312 1262 3376 Fnlntmct's
1276 3314 1405 3399 religia

189 3415 339 3479 sissimus
360 3414 545 3499 principum
567 3411 729 3475 AEdilredi
754 3412 839 3493 regis
864 3410 994 3473 blerciae
1017 3410 1125 3491 gentis
1144 3455 1155 3472 .
1178 3420 1343 3476 crescente
1364 3434 1404 3477 ac

189 3512 432 3594 multiplicante
447 3533 506 3594 per
520 3510 625 3593 spatia
639 3508 746 3571 insule
762 3508 954 3571 Brittannia·
974 3527 1109 3571 numeru
1123 3508 1376 3574 christianornm
1392 3560 1402 3577 .

190 3610 323 3673 familiae
346 3610 458 3675 Sancti
481 3608 567 3670 Petri
592 3606 748 3689 principis
770 3606 987 3689 apestolorum
1011 3606 1134 3668 Christi
1148 3606 1184 3669 in
1205 3610 1404 3673 monasterio

190 3708 493 3773 Mrnnsrnusrmr
514 3705 726 3768 commoranti
743 3754 749 3767 .
766 3711 885 3767 terram
907 3704 960 3767 cni
975 3702 1171 3766 rocabnlmn
1191 3714 1242 3767 est
1259 3704 1403 3770 Barnea

189 3823 270 3871 Μ.
281 3804 508 3872 munientium¹
519 3825 592 3867 enm
608 3802 760 3866 omnibns
771 3804 812 3865 ad
822 3801 1143 3885 compertinentibus
1154 3802 1241 3882 juris
1251 3854 1259 3865 .
1271 3824 1403 3887 presen-

188 3906 279 3969 tibus
307 3915 407 3990 atque
436 3902 715 3968 consentientibus
744 3902 928 3965 venerando
957 3899 1092 3963 saxulfo
1117 3899 1266 3981 ejusdem
1294 3904 1403 3984 gentis

189 4004 340 4089 episcopo
356 4012 389 4069 et
403 4004 529 4087 prelato
544 4000 611 4084 regi
626 3999 798 4063 AEdilredo
818 3998 1000 4083 perpetuali
1013 3997 1166 4080 largitate
1180 4018 1242 4081 pro
1257 4000 1402 4065 remedio

187 4104 305 4167 animae
328 4124 395 4167 suae
410 4100 598 4163 fidelissima
617 4099 790 4162 devotione
812 4098 900 4162 dedit
917 4148 925 4161 .
940 4096 1095 4185 elmuinus
1117 4098 1353 4161 monasterium
1366 4110 1403 4164 ct

189 4202 261 4265 Deo
281 4199 534 4264 deservientium
550 4196 779 4261 monachorum
795 4198 971 4259 oratorium
986 4195 1021 4257 in
1035 4194 1150 4257 eadem
1165 4196 1300 4278 praefata
1314 4206 1402 4261 terra

187 4300 324 4365 fundare
347 4301 501 4363 deberent
523 4318 649 4361 necnon
671 4298 771 4359 etiam
795 4307 829 4359 et
852 4305 982 4379 praepter
1004 4293 1168 4357 reddenda
1194 4293 1402 4376 baptismatis

186 4399 291 4485 gmtia
306 4406 340 4462 et
354 4399 479 4462 ratione
501 4395 686 4478 evangelice
709 4394 864 4457 doctrinae
886 4391 1005 4476 populo
1027 4391 1089 4455 sibi
1111 4390 1236 4455 credito
1257 4391 1402 4476 aliquem

191 4496 368 4581 probabilis
393 4497 470 4558 vitae
499 4502 534 4557 et
560 4493 637 4555 boni
668 4492 848 4555 testimonii
888 4490 1101 4573 presbiterum
1139 4490 1401 4560 constituerent.

189 4598 338 4679 Cumque
360 4595 401 4657 de
422 4595 484 4655 hoc
505 4590 696 4675 aliquandiu
719 4590 806 4662 inter
827 4592 942 4653 iratres
964 4587 1192 4671 praenominati
1213 4591 1404 4655 monasterii

308 4744 383 4803 ¹⁸14
397 4745 451 4793 MS.
605 4741 721 4790 ’Killcd
732 4740 825 4791 iun.
838 4742 896 4791 697.
927 4739 1079 4803 Δηὼ-δα.
1091 4738 1294 4801 (ἶλωιμᾱω.

272 4843 345 4892 Vol·
360 4840 395 4889 Π.
1208 4834 1232 4883 ΙΙ
1245 4834 1269 4883 ΙΙ
