3788 5498
397 487 465 551 352
752 501 933 550 aenmsrru
956 500 999 550 ro
1020 498 1108 549 narn
1130 497 1249 548 muer.
1434 481 1515 567 [nu
1528 497 1606 562 93¹·

398 658 578 725 multorum
593 660 791 745 optimatum
806 709 815 724 .
830 658 901 724 Deo
915 656 1130 743 omnipotenti
1144 663 1178 722 et
1192 655 1312 721 Sancto
1324 655 1422 720 Petro
1441 653 1608 739 apostolo.

397 777 436 821 ae
449 758 632 823 venerabili
647 757 779 822 samnia
793 778 868 841 quae
878 758 941 822 sitan
951 765 1002 822 est
1014 757 1048 821 irr
1062 755 1134 821 loeo
1147 753 1265 820 celebri
1280 753 1336 819 ubi
1351 753 1495 818 rurioolre
1508 774 1608 837 appe-

397 857 499 920 latica
522 856 681 922 relatione
703 861 934 941 nuncupantur
954 872 1006 920 arr
1026 856 1146 920 Bantnr
1165 903 1174 918 .
1192 853 1310 918 devota
1331 861 1440 917 urente
1456 853 1547 916 intus
1565 851 1609 916 ad

397 954 577 1019 :eeclesiam
593 955 720 1018 donans
740 955 868 1019 donabo
885 955 1050 1039 perpetuis
1072 953 1270 1038 temporibus
1290 953 1401 1017 (leuem
1423 973 1552 1016 mausus
1574 953 1609 1016 iu

398 1055 470 1120 loco
491 1056 550 1138 qui
578 1055 700 1119 dicitur
725 1055 876 1119 Prnsrcu
898 1104 906 1118 .
929 1063 962 1119 et
989 1055 1134 1139 quinque
1156 1053 1191 1116 iu
1217 1052 1283 1116 alio
1310 1051 1383 1115 loeo
1407 1052 1464 1136 qui
1488 1051 1611 1114 «licitur

397 1153 562 1217 AEscrtx¹
585 1205 593 1218 .
615 1163 651 1219 et
686 1153 876 1217 mandatum
906 1153 1169 1218 commendamus
1203 1152 1240 1215 iu
1274 1152 1405 1215 nomine
1440 1149 1610 1213 altithroni

398 1251 624 1335 0‹urberuatoris
650 1260 689 1316 ut
720 1251 833 1316 nullus
857 1252 1065 1336 superveniat
1087 1250 1256 1314 bominum
1290 1250 1424 1313 inflatus
1446 1249 1611 1332 gressibus

398 1351 583 1435 superbire.
602 1373 663 1416 nee
687 1372 745 1416 rex
766 1401 774 1414 .
797 1371 858 1415 nce
880 1352 1050 1435 episcopus
1072 1401 1080 1415 .
1102 1371 1162 1415 uec
1184 1350 1333 1434 princeps
1354 1400 1363 1414 .
1386 1370 1445 1412 nee
1466 1348 1610 1432 preposi-

400 1458 456 1514 tus
479 1501 489 1514 .
515 1471 577 1514 nee
605 1471 750 1534 persone
780 1450 920 1532 alicujus
946 1450 1076 1514 babitus
1103 1498 1111 1513 .
1137 1449 1195 1533 qui
1220 1448 1305 1512 harre
1331 1448 1488 1532 prefatam
1513 1447 1611 1512 liber·

400 1556 504 1613 tatem
524 1549 561 1612 iu
582 1548 723 1631 alicujus
746 1547 853 1612 oneris
875 1547 1022 1612 molestia
1044 1552 1169 1610 nrutare
1190 1544 1308 1609 audeat
1328 1595 1338 1610 .
1360 1552 1419 1608 aut
1439 1544 1473 1607 in
1496 1544 1613 1608 diebus

401 1646 523 1710 rustris
538 1646 593 1710 vel
608 1667 830 1711 successorum
847 1655 1029 1710 nostrornm
1041 1697 1048 1711 .
1060 1645 1117 1710 sed
1131 1645 1176 1708 sit
1188 1644 1289 1708 libera
1300 1643 1342 1706 ab
1352 1643 1440 1707 ornni
1452 1643 1613 1708 ruumliali

398 1745 479 1828 jugo
493 1794 502 1808 .
517 1745 665 1827 exeeptis
681 1744 777 1807 istis.
800 1743 1016 1826 Frrpeditione
1038 1796 1045 1809 .
1068 1742 1177 1828 pontis
1199 1792 1207 1806 .
1230 1744 1353 1807 arcisve
1375 1743 1613 1808 renovatione.

402 1846 485 1906 Cum
501 1841 655 1906 omnibus
669 1863 743 1925 quae
755 1841 797 1905 ad
809 1843 916 1924 ipsum
929 1842 1034 1906 locum
1047 1842 1207 1925 pertinere
1218 1839 1447 1907 diurscuntur.
1459 1841 1614 1926 Campis.

402 1940 558 2005 l‘useuis.
575 1940 705 2004 Pratis.
722 1939 822 2003 Silvis
842 1991 849 2003 .
871 1939 1006 2004 cirterrus
1023 1949 1061 2004 ut
1080 1960 1139 2024 pro
1162 1940 1243 2004 meis
1264 1940 1393 2004 delictis
1415 1991 1423 2004 .
1445 1942 1614 2024 putrisque

397 2041 463 2104 mei
477 2040 670 2125 AEnptnltnr
686 2040 770 2122 regis
791 2088 800 2102 .
823 2038 940 2102 cotidie
964 2040 1077 2104 nrissas
1098 2060 1158 2124 pro
1180 2038 1273 2103 uobis
1295 2039 1519 2103 saluberrimas
1543 2041 1615 2104 beo

399 2140 538 2203 ollerant
552 2190 560 2203 .
575 2148 608 2202 ct
621 2138 806 2202 dulcisonas
818 2137 1053 2202 modulationes
1066 2137 1289 2222 psalteriorum
1302 2189 1310 2201 .
1322 2139 1421 2201 armis
1434 2139 1614 2222 spirituali·

397 2239 460 2301 bus
474 2244 585 2302 eontra
600 2237 783 2299 invisibiles
798 2235 906 2300 hostes
921 2257 979 2320 pro
995 2237 1087 2300 nobis
1102 2237 1255 2301 dimicare
1270 2258 1336 2301 non
1351 2247 1478 2301 cessent
1492 2288 1501 2302 .

444 2337 481 2400 si
495 2336 571 2420 quis
586 2345 696 2400 autem
708 2335 896 2419 prescriptis
908 2337 1040 2400 serratis
1052 2337 1193 2401 noluerit
1204 2336 1385 2402 consentire
1396 2345 1451 2399 aut
1462 2335 1614 2402 obedire!

398 2436 481 2500 sciat
496 2457 531 2500 se
545 2434 691 2499 alienum
705 2456 775 2498 esse
790 2455 809 2497 a
825 2435 985 2498 consortio
1000 2443 1119 2499 sanctu·
1136 2437 1198 2501 Dei
1213 2434 1385 2500 :rselesirm
1400 2444 1433 2499 et
1448 2435 1466 2498 ri
1481 2456 1614 2518 oriqrore

400 2543 435 2599 et
449 2536 608 2619 sunguine
622 2533 746 2597 domiui
761 2533 864 2597 nostri
883 2532 988 2597 Jlresu
1012 2534 1147 2598 Christi²
1167 2586 1176 2600 .
1199 2555 1258 2618 per
1278 2536 1503 2599 anctoritatem
1526 2536 1615 2598 beriti

404 2635 493 2698 Petri
508 2633 648 2717 apostoli
664 2633 888 2716 sociorurrrque
903 2633 974 2714 ejus
989 2682 996 2695 .
1014 2633 1076 2695 nisi
1092 2633 1182 2715 prius
1199 2633 1253 2696 lrie
1275 2632 1372 2714 iligna
1395 2632 1617 2697 emenrlaverit

402 2733 598 2816 pueuitentia
614 2739 691 2795 ante
707 2738 844 2795 rnortcru
860 2780 867 2793 .
885 2730 1060 2813 Seiantque
1076 2732 1239 2814 sapientes
1257 2733 1396 2816 regionis
1419 2741 1535 2795 nostre
1557 2752 1617 2795 nos

403 2831 463 2894 bas
476 2839 579 2895 terras
594 2830 737 2914 prefatas
751 2850 817 2892 non
833 2829 954 2909 injuste
969 2829 1114 2911 rapuisse
1129 2879 1137 2892 .
1153 2831 1366 2914 rapinamque
1385 2832 1456 2895 Deo
1470 2831 1617 2897 dolisset

407 2928 465 2993 secl
486 2929 536 2993 sic
557 2928 667 3011 accepi
688 2949 743 2991 eas
767 2927 1038 3011 quemmlrrrodruu
1059 2928 1286 3008 jrulicarcrrrnt
1310 2952 1422 2994 ornnes
1443 2933 1618 3014 optimates

406 3029 546 3110 regionis
560 3027 743 3110 Anglorum
759 3077 767 3091 .
798 3027 937 3109 Insuper
951 3035 985 3090 et
1000 3027 1196 3109 apostoliens
1208 3048 1292 3110 papa
1303 3029 1454 3093 Romarm·
1465 3031 1619 3096 :ecelesiae

406 3125 578 3189 Jobaunes
594 3176 602 3189 .
617 3124 765 3188 rFliredo
780 3125 934 3189 defuncto
949 3124 1007 3209 qui
1027 3133 1147 3190 nostrae
1167 3124 1315 3189 felicitati
1337 3135 1370 3190 ct
1392 3128 1467 3190 nite
1489 3128 1620 3192 eurulus

395 3224 543 3296 extitit!
559 3222 715 3307 nequitiae
730 3223 934 3286 inimicomru
950 3229 1132 3287 nostrorum
1155 3223 1362 3286 eonsentiens
1381 3273 1390 3288 .
1413 3226 1544 3308 quando
1567 3247 1620 3291 me

407 3322 583 3386 voluerunt
597 3328 690 3405 patre
705 3341 777 3385 meo
793 3320 945 3385 deiurrcto
960 3342 1068 3386 cesare
1083 3323 1118 3386 in
1133 3323 1268 3386 civitate
1283 3323 1452 3388 Wirrtouia
1471 3374 1480 3387 .
1502 3326 1531 3388 si
1554 3347 1620 3389 nou

407 3442 460 3485 rue
481 3422 575 3484 Dens
597 3440 656 3483 sua
677 3420 800 3502 pietate
822 3419 994 3502 eripuisset
1016 3470 1024 3486 .
1047 3421 1103 3485 seul
1126 3421 1299 3485 ‹lerrudatis
1321 3443 1431 3486 eorum
1453 3425 1621 3487 machina·

410 3518 554 3583 mentis!
571 3517 726 3582 rcrrrissus
746 3527 795 3581 cst
818 3517 948 3582 AElfred
971 3519 1012 3582 ad
1037 3519 1215 3584 Romanam
1239 3521 1405 3585 eeclesiam
1428 3574 1436 3587 .
1458 3531 1494 3585 ut
1518 3524 1566 3586 rbi
1588 3545 1624 3588 se

409 3639 518 3682 coram
541 3617 719 3702 apostolico
743 3616 895 3681 Jobanne
916 3618 1128 3700 jurejurando
1152 3619 1339 3685 defenderet
1362 3672 1370 3686 .
1394 3631 1428 3684 et
1456 3621 1517 3686 boc
1546 3623 1624 3686 feeit

410 3738 519 3781 coram
545 3719 648 3781 altare
672 3715 784 3778 Sancti
810 3715 899 3778 Petri
921 3765 929 3780 .
952 3716 1009 3780 sed
1041 3718 1126 3781 iacto
1156 3720 1341 3801 juramento
1371 3720 1484 3784 cecidit
1514 3742 1624 3785 mrum

410 3815 513 3880 altare
533 3866 542 3881 .
563 3822 598 3880 et
620 3814 639 3878 ri
661 3813 814 3877 manibus
838 3834 969 3877 suorum
986 3816 1180 3880 famulorum
1199 3825 1348 3902 portatus
1367 3832 1416 3883 est
1438 3820 1478 3883 ad
1501 3821 1623 3884 scolam

412 3913 607 3998 Angloruur³
622 3965 629 3979 .
645 3921 680 3977 et
694 3913 741 4000 ibi
757 3913 853 3977 tertia
868 3922 963 3978 nocte
979 3916 1082 3979 uitam
1102 3916 1233 3981 finiuit.
1278 3918 1320 3981 Et
1336 3926 1414 3982 tunc.
1428 3921 1625 4003 apustrrlieus

409 4015 452 4078 :ul
467 4035 527 4078 nos
542 4013 669 4078 remisit
682 4019 690 4071 t
707 4011 836 4096 etquid
851 4012 892 4076 de
907 4033 945 4076 eo
960 4024 1109 4094 ageretur
1122 4035 1142 4077 a
1157 4016 1252 4079 nobis
1271 4016 1435 4081 musuluit
1453 4068 1460 4080 .
1482 4039 1525 4081 arr
1547 4038 1623 4082 curn

410 4114 536 4177 caetcris
552 4111 750 4176 Christianis
765 4131 882 4194 corpus
897 4111 968 4193 ejus
991 4119 1186 4196 poneretur.
1230 4114 1295 4179 llis
1317 4119 1454 4197 peractis
1475 4126 1510 4178 et
1530 4115 1626 4179 nobis

411 4212 639 4275 renuntiatis?
662 4211 837 4293 optimates
860 4220 978 4274 nostru
998 4212 1136 4294 regionis
1160 4234 1236 4276 curn
1259 4214 1510 4296 propinquorum
1534 4214 1627 4278 illius

411 4322 522 4373 turma
537 4309 760 4392 efflagitabant
782 4309 870 4370 omni
893 4308 1079 4372 bumilitate
1099 4317 1136 4372 ut
1157 4331 1273 4395 corpus
1292 4311 1383 4373 illius
1405 4333 1461 4395 per
1482 4322 1627 4375 ursarum

412 4408 581 4472 licentiam
597 4428 670 4472 cunr
687 4406 874 4490 corporibus
890 4416 1064 4490 poneretur
1078 4407 1336 4474 Christianorum
1352 4414 1360 4469 ἐ
1376 4411 1533 4493 uobisque
1555 4409 1629 4473 illo-

411 4527 486 4572 rum
500 4505 724 4590 efflagitationi
745 4505 1024 4570 consentientibus
1046 4507 1182 4570 Rumam
1205 4507 1390 4571 remisimus
1409 4558 1417 4571 .
1436 4517 1470 4571 et
1492 4528 1629 4572 eonsen-

463 4664 472 4696 ¹
490 4670 527 4723 ’Ἴ
539 4666 565 4714 vi
577 4665 671 4714 rulinu
681 4664 709 4712 in
721 4662 848 4728 kslrau'yr
858 4680 874 4710 ι·
883 4681 986 4712 mansee
997 4664 1024 4712 in
1036 4664 1158 4719 leuton.u
1168 4665 1253 4712 nunu
1264 4664 1314 4713 ina
1328 4661 1394 4710 xum
1404 4669 1512 4725 oerrtur5
1518 4663 1590 4711 baud
1600 4663 1629 4713 iu

413 4745 522 4809 margin.
621 4743 632 4772 ²
648 4741 730 4792 Jhoeu
741 4741 848 4805 cumei,
859 4742 979 4803 omittet
995 4740 1030 4797 Κ,
1128 4739 1140 4770 ³
1157 4742 1205 4792 See
1216 4741 1328 4807 llanly'o
1340 4741 1401 4791 edit.
1414 4740 1442 4788 ol
1452 4740 1524 4790 tm
1531 4740 1630 4812 llrlrn7

413 4821 488 4874 σω
499 4821 605 4884 Qui
615 4835 640 4886 F
653 4819 711 4881 mr
721 4824 786 4870 m
801 4822 806 4832 ⁵
