3788 5498
895 551 1039 600 mucro
1060 551 1103 600 ro
1125 551 1311 602 artemon.
1539 536 1621 621 [am.
1636 539 1712 618 946

636 707 676 786 »1⁴
700 704 860 791 delvelgar
873 707 1046 790 pontifex.
1239 708 1280 788 ›1‹
1305 707 1405 773 Osulf
1415 707 1637 791 Haehgarcfa.

635 807 674 886 »1⁴
698 805 876 888 Aepelpald
890 806 1064 888 pontifex.
1240 809 1281 887 ›1‹
1304 805 1423 883 Urm¹,

637 904 676 983 ›1‹
701 903 816 987 Hopel
831 902 987 987 regulus.
1305 902 1463 967 Imorcer²
1477 903 1572 967 eorl.

635 1005 674 1084 ›1‹
698 1002 875 1082 Marcent3
1067 1018 1072 1023 ·
1241 1006 1283 1084 ›1‹
1307 1003 1425 1081 Grim;

702 1099 825 1163 Cadmo
840 1147 849 1164 .
1240 1102 1281 1182 ›1‹
1304 1101 1402 1184 -lel’
1416 1099 1507 1163 eorl.

636 1200 675 1279 »1⁴
699 1198 905 1281 Acpclmund
919 1198 1010 1262 dux.
1238 1202 1279 1279 ›1‹
1305 1198 1432 1263 Fadred
1446 1197 1582 1263 abbud.

637 1299 677 1378 ᾧ
700 1295 858 1359 Alhholrn
873 1296 1062 1362 aldermon.
1240 1300 1279 1380 ›1‹
1305 1297 1440 1381 Vigstau
1454 1295 1589 1361 abbud.

635 1397 675 1476 »1⁴
698 1394 875 1481 Aelulstau
890 1415 1019 1461 comcs.
1240 1399 1279 1478 ᾧ
1304 1398 1458 1460 Dunslan
1474 1395 1608 1459 abbud.

637 1496 677 1576 »1⁴
700 1495 817 1559 Eadric
831 1495 1003 1579 princeps.
1239 1497 1280 1576 ᾧ
1304 1492 1473 1558 Uhtred:.

853 1635 1022 1718 Augentes
1035 1633 1142 1717 rogale
1157 1632 1299 1717 elogium
1312 1682 1337 1697 ..

852 1731 1065 1816 baataaregis
1140 1772 1148 1785 ·
1337 1735 1339 1739 ’

852 1833 976 1899 aeterni
990 1833 1239 1898 retributionem

851 1938 1064 2015 augmentum
1078 1931 1239 2014 accipiant
1253 1954 1264 2012 ;
1278 1931 1388 1996 Amen
1401 1953 1431 1994 t·

553 2096 605 2149 [Α.]
616 2095 713 2139 Smltt’c
721 2095 792 2145 Beda,
800 2093 932 2147 appendix.
940 2105 965 2147 p.
974 2095 1022 2137 m.
1103 2092 1111 2144 1
1133 2093 1186 2144 [lt]
1194 2093 1354 2144 Kombloffl.
1362 2093 1436 2145 Dr’pl..
1441 2091 1486 2134 No.
1494 2102 1590 2141 ccccxc
1598 2090 1716 2145 trouu]

946 2302 1250 2326 Μ

504 2505 577 2567 816.
602 2502 706 2567 Grani
730 2503 769 2585 by
791 2503 884 2585 Kiag
903 2502 1059 2566 Edaaaad
1084 2509 1116 2565 to
1139 2501 1189 2565 tta
1214 2479 1314 2583 thegn-
1328 2502 1500 2579 Attclaod,
1520 2504 1561 2587 of
1576 2503 1659 2567 land
1678 2503 1719 2566 in
1843 2445 1849 2471 Ι

700 2600 873 2677 Wodctorw,
886 2621 924 2664 or
946 2600 1098 2675 Woottoa,
1112 2621 1152 2663 co.
1168 2599 1326 2664 Sorwad.
1370 2616 1433 2664 an.
1449 2601 1526 2666 946.

1012 2709 1190 2776 Wonrca'n
1204 2759 1213 2776 .

514 2841 640 2905 Carra
655 2840 818 2904 Etutam
833 2839 939 2903 Rama
954 2854 998 2902 m:
1014 2837 1189 2902 Wor'roxu
1206 2854 1297 2902 para
1312 2852 1469 2903 nooman:
1483 2838 1680 2904 amram
1689 2856 1703 2906 a
1727 2898 1736 2931 ς

549 2967 592 3029 ln
614 2966 745 3030 nomine
767 2965 891 3029 domini
919 2965 987 3049 Ego
1010 2965 1162 3029 anm
1187 2964 1302 3030 <lirina
1326 2966 1433 3049 gracia
1451 2967 1584 3032 favente
1606 2988 1665 3031 rex
1685 2976 1722 3033 et

509 3064 710 3148 primicerius
732 3064 838 3128 tocius
862 3062 1013 3127 Albionis
1035 3062 1274 3146 aliquantulam
1296 3072 1381 3129 terre
1403 3064 1649 3147 porciunculam
1672 3065 1721 3129 ἰὰ*

472 3174 474 3176 ’
507 3166 675 3249 quimque⁵
686 3186 816 3229 mansas
831 3165 866 3228 in
882 3164 953 3229 loco
967 3165 1027 3248 qui
1041 3163 1163 3228 (licitur
1171 3164 1369 3229 wonrrorn
1381 3167 1593 3230 Ammono
1607 3163 1721 3231 minis·

507 3273 558 3328 tro
572 3284 644 3328 meo
658 3263 693 3326 in
709 3273 855 3327 eternam
870 3262 1087 3327 hereditatem
1102 3262 1241 3327 concedo
1255 3284 1294 3328 ea
1308 3271 1418 3329 tamen
1433 3265 1564 3329 racione
1576 3273 1618 3328 ut
1630 3264 1722 3329 omni

506 3382 591 3425 auno
614 3361 648 3424 in
673 3360 870 3425 solennitate
893 3360 998 3424 sancti
1021 3360 1160 3425 Martini
1183 3360 1224 3424 ad
1246 3370 1412 3426 vetustam
1433 3362 1605 3428 ecclesiam
1626 3363 1722 3428 beato

509 3459 572 3523 Dei
587 3458 752 3543 genitricis
766 3458 801 3521 in
818 3458 1015 3522 monasterio
1024 3456 1309 3541 Glastingencium
1323 3460 1470 3544 quinque
1478 3461 1613 3544 congios
1626 3458 1724 3527 celia⁸

509 3566 543 3621 ot
558 3578 658 3620 unum
669 3555 841 3643 ydromelli
853 3565 888 3621 ct
897 3557 1033 3641 triginta
1044 3576 1146 3640 panas
1157 3577 1232 3621 cum
1240 3559 1482 3640 pertinentibus
1493 3558 1724 3643 pulmentariis

509 3663 544 3720 ct
562 3656 704 3738 quinque
727 3655 857 3738 congios
877 3655 1034 3719 frumenti
1055 3652 1171 3719 reddat
1185 3707 1195 3733 ,
1207 3654 1343 3739 insuper
1356 3665 1391 3729 et
1408 3677 1505 3720 omne
1526 3655 1723 3722 sacrificium
1754 3692 1758 3701 ·

508 3757 595 3841 qaod
615 3776 674 3820 nos
694 3755 834 3820 dicimus
851 3775 973 3819 munus
990 3753 1249 3819 ecclesiaticum
1266 3764 1398 3841 etopus
1418 3756 1676 3823 welesiasticum
1689 3763 1725 3823 et

509 3874 626 3918 munus
640 3854 808 3937 rogifieum
823 3852 865 3941 ab
879 3853 968 3917 omni
983 3852 1110 3917 familia
1122 3853 1214 3938 illius
1227 3862 1314 3919 terre
1329 3853 1500 3919 reddatur.
1510 3854 1601 3938 quod
1613 3854 1644 3919 ai
1657 3874 1725 3919 uno

509 3951 544 4015 in
560 3972 644 4015 anno
657 3944 719 4015 hoc
733 3949 879 4016 sansum²
893 3957 1113 4034 transgressus
1128 3951 1228 4015 fuerit
1248 3950 1450 4035 duppficiter
1470 3951 1501 4016 si
1521 3950 1650 4017 duobus
1664 3951 1724 4017 tri·

508 4047 636 4133 pliciter
651 4048 788 4114 reddat.
804 4047 892 4132 quod
907 4047 935 4113 si
950 4048 985 4111 in
1000 4048 1103 4112 tercio
1113 4069 1200 4114 anno
1210 4068 1278 4112 non
1291 4048 1471 4114 reddiderit
1483 4055 1566 4113 tunc
1579 4049 1726 4134 precipio

509 4148 545 4211 in
561 4148 689 4212 nomine
712 4152 824 4211 sancte
838 4146 996 4211 trinitatis
1010 4157 1050 4209 ut
1064 4147 1180 4212 fratres
1202 4146 1292 4211 illius
1314 4146 1502 4213 monasterii
1523 4146 1634 4211 hauno
1654 4167 1726 4213 car·

510 4246 614 4309 talam
629 4245 776 4310 deferant
797 4246 833 4309 in
856 4251 1032 4329 conspeetu
1046 4265 1160 4329 regum
1174 4253 1209 4310 et
1222 4244 1448 4329 episcoporum
1463 4244 1726 4329 optimatumque

511 4344 648 4428 regionis
660 4350 694 4408 et
707 4343 750 4407 ab
765 4342 824 4407 illo
838 4350 984 4425 tempore
1002 4342 1151 4428 predicta
1168 4343 1370 4426 possessione
1384 4344 1577 4429 deprivetur
1588 4352 1626 4407 et
1639 4350 1728 4409 terra

510 4441 636 4525 prefata
659 4441 695 4504 in
717 4459 816 4503 usum
843 4441 981 4504 fratrum
1003 4441 1040 4504 in
1060 4441 1296 4525 sempiternum
1317 4442 1506 4527 redigatur.
1550 4441 1599 4505 Et
1619 4441 1649 4506 si
1669 4462 1728 4527 per

511 4539 640 4623 culpam
661 4536 806 4622 aliquam
827 4537 927 4621 hujus
948 4536 1091 4603 deleocio
1117 4558 1380 4605 successorumve
1401 4558 1535 4604 suorum
1553 4538 1618 4605 lrec
1637 4544 1727 4604 terra
1799 4588 1802 4592 .

561 4690 709 4751 ¹Urin‚A.
810 4690 1126 4758 ‘scutilum
1219 4692 1418 4759 'AndcolLK

561 4789 796 4854 ‘madalcdlt
879 4789 1086 4877 'Qninquclt
1178 4793 1361 4860 *θυμω
1443 4792 1728 4857 'Hmmnk
