3788 5498
390 439 457 503 416
757 453 950 509 aruttsmn
971 461 1014 511 ro
1036 462 1219 515 mummia
1430 451 1508 537 [au.
1523 454 1599 535 93⁶

391 613 493 675 morie
508 613 734 677 conrateudare
748 615 916 697 procuravi
934 616 1076 701 aliquam
1096 622 1182 704 juris
1202 625 1266 689 mei
1282 633 1408 708 partem
1422 622 1497 689 meo
1511 623 1600 690 fideli

391 709 542 773 ministro
556 710 761 776 Entntetno
776 712 809 775 in
826 721 977 778 aeternam
989 716 1201 784 hereditatem
1218 743 1277 804 pro
1291 724 1363 803 ejus
1378 722 1511 786 amabili
1523 723 1599 787 sub·

387 808 540 888 jectione¹
556 817 654 892 atque
675 811 856 874 ohedientia
877 833 1001 876 necnon
1017 816 1063 878 et²
1078 837 1135 899 pro
1151 819 1304 902 placabili
1327 820 1483 905 peccunia
1499 843 1599 904 qnam

390 905 508 969 devota
525 919 634 970 mente
646 907 726 971 mihi
738 909 856 973 detulit
868 912 1085 978 munificentie
1095 915 1283 983 donacionis
1297 921 1402 1003 gratia
1413 940 1470 984 scu
1485 940 1600 1003 supra·

390 1005 534 1069 diximus
557 1007 591 1069 in
615 1017 767 1071 uternam
790 1009 1000 1074 hereditatem
1024 1012 1204 1078 condonavi
1230 1016 1264 1079 in
1295 1018 1366 1082 loeo
1391 1017 1450 1100 qui
1473 1017 1600 1102 vulgari

390 1103 532 1169 dictione
553 1113 586 1169 et
608 1107 805 1190 appellativo
826 1108 978 1173 relatione
998 1115 1219 1195 ntrucnpatur'
1234 1125 1268 1179 at
1284 1117 1523 1180 hlnnnesntm‘
1538 1165 1546 1179 .
1562 1124 1601 1180 ut

331 1238 333 1243 -
390 1201 510 1267 haheat
541 1211 575 1267 ct
605 1205 766 1287 possideat
797 1227 893 1288 quam
924 1207 979 1270 diu
1005 1210 1093 1274 vivat
1116 1220 1150 1274 et
1173 1223 1346 1297 postquam
1377 1214 1600 1281 univcrsitatis

392 1302 478 1364 viam
494 1302 613 1365 adierit
628 1304 826 1385 posteritatis
846 1325 902 1367 sne
918 1309 1153 1373 successorihus
1170 1310 1261 1374 illam
1276 1312 1464 1395 praedictam
1479 1321 1599 1377 terram

387 1399 485 1478 juxta
499 1400 742 1464 cstimacionem
766 1401 876 1465 docem
899 1407 1099 1469 manentium
1123 1409 1318 1493 cuicumque
1334 1410 1474 1473 voluerit
1488 1410 1599 1474 heredi

292 1568 294 1576 Ι
390 1497 598 1582 derelinquat
613 1520 686 1561 cum
703 1501 853 1564 carnibus
871 1502 911 1564 ad
927 1523 960 1566 so
976 1505 1037 1567 rite
1053 1507 1293 1587 nominantibus
1314 1507 1483 1590 pasehnis⁸
1497 1508 1599 1591 pratis

389 1595 483 1659 silvis
506 1596 727 1681 silvarumque
743 1599 926 1664 netnoribus
942 1650 948 1664 .
972 1602 1023 1664 Sit
1037 1603 1182 1684 predicta
1204 1612 1290 1668 terra
1304 1605 1406 1668 libera
1430 1604 1481 1668 in⁰
1494 1605 1599 1669 omni·

390 1694 451 1758 hus
467 1694 688 1759 truandialilms
703 1697 809 1759 causis
827 1707 932 1780 preter
952 1701 1060 1782 pontis
1080 1705 1113 1764 et
1135 1702 1218 1764 arcis
1238 1703 1479 1767 constructione
1501 1724 1599 1786 expe·

390 1791 594 1875 (liciouisquc
610 1794 817 1875 adjuvamine
841 1796 872 1859 in
890 1799 1016 1861 erraretis
1038 1801 1300 1864 successorihus.
1345 1801 1419 1865 Hoc
1427 1802 1482 1883 jus
1497 1799 1598 1864 dona·

390 1891 493 1954 cianis
520 1893 667 1975 augendo
688 1897 953 1958 conservantibus
979 1897 1116 1961 feliciter
1145 1898 1339 1982 perveniant
1368 1899 1455 1964 inter
1480 1898 1600 1964 celibes

390 1989 568 2054 caelestium
585 1999 764 2055 turmarum
781 2002 814 2057 et
829 1995 898 2058 sine
914 1995 976 2059 fine
991 1995 1024 2057 in
1044 2004 1154 2059 eterna
1170 1996 1254 2060 doxa
1269 1996 1436 2062 letentur.

435 2089 470 2151 Si
485 2089 560 2172 quis
575 2089 637 2153 hoe
654 2090 740 2174 quod
761 2113 825 2155 non
847 2101 994 2175 optamus
1015 2094 1190 2177 infringere
1213 2096 1425 2178 temptaverit
1439 2095 1500 2160 hoc
1523 2115 1600 2160 nos·

391 2193 479 2250 trum
506 2188 630 2251 donum
656 2190 737 2253 sciat
760 2210 794 2254 se
824 2191 857 2254 in
883 2192 1030 2255 exaruine
1055 2193 1216 2257 tremendi
1242 2193 1372 2276 judicii⁷
1396 2194 1599 2257 redditurum

391 2291 651 2374 terrrcritatisque
682 2291 847 2355 andaciam
868 2314 1054 2376 perpessum
1075 2315 1145 2358 esse
1176 2295 1238 2357 uisi
1264 2315 1347 2378 pura
1370 2296 1600 2360 emendacione

392 2400 426 2456 et
441 2391 586 2477 singulto
602 2392 835 2457 lamentacione
851 2393 1093 2459 emendaverit.

437 2491 516 2554 Istis
532 2490 725 2554 terminibus
739 2490 884 2574 predicta
898 2498 981 2555 terra
998 2491 1222 2576 circumgirata
1238 2513 1308 2559 esse
1323 2492 1476 2558 videtur.

439 2591 492 2674 pis
508 2589 586 2652 heth
611 2588 746 2673 leland
768 2609 854 2654 mere
880 2598 915 2654 at
934 2589 1138 2654 hlerlresburi
1161 2640 1169 2654 .
1215 2590 1268 2655 On
1288 2590 1481 2655 radanforde
1496 2594 1601 2676 tranen

393 2688 457 2752 end
476 2687 554 2771 lang
568 2687 686 2751 hrolres
708 2708 749 2750 on
767 2687 945 2771 Conignave
967 2695 1017 2752 cst
1032 2687 1094 2751 and
1114 2688 1276 2752 nortuard
1291 2693 1396 2775 lunen
1416 2710 1458 2752 on
1474 2690 1555 2774 riqte
1566 2698 1601 2755 to

394 2787 613 2868 chergrave
643 2786 828 2850 southward
857 2791 959 2873 lunen
984 2787 1018 2850 hi
1044 2787 1247 2869 Wyrtualcu
1278 2796 1313 2852 to
1343 2788 1538 2871 Aldresyate
1567 2790 1605 2853 ol

394 2886 590 2968 Aldrcsyate
613 2905 653 2946 on
671 2884 886 2967 ,lliddilgnave
902 2885 1066 2949 sutlnvard
1086 2886 1525 2970 1mrrenendlangvveiesol
1544 2887 1601 2953 the
1673 2912 1677 2918 ’

396 2985 456 3047 vvei
466 2982 555 3046 hirth
573 2991 654 3046 vvest
666 3034 672 3046 .
686 2986 787 3065 latren
800 2983 833 3045 bi
849 2982 1038 3045 uirtuallen
1049 2986 1169 3069 ,pauca
1185 3004 1227 3045 on
1237 2983 1472 3049 ll'idcneomhe
1487 2985 1601 3048 south·

396 3083 485 3145 vvard
530 3086 633 3166 lunen
674 3080 736 3143 end
767 3080 843 3143 land
872 3080 1096 3144 ll'ideeombes
1126 3101 1168 3142 on
1200 3081 1385 3144 Southhrnk
1424 3082 1487 3146 end
1525 3083 1602 3167 lang

396 3183 514 3246 brolios
529 3201 571 3242 on
587 3179 772 3242 Holendioh
788 3183 890 3267 honen
907 3179 970 3244 end
986 3180 1062 3262 lang
1075 3182 1131 3266 lies
1146 3178 1238 3243 hiere
1258 3179 1374 3243 lrawcn
1389 3201 1431 3243 on
1448 3180 1620 3257 Kahvem

395 3282 503 3344 donne
519 3284 623 3364 hanon
640 3278 702 3342 end
723 3278 799 3361 lang
814 3278 1041 3342 ealueadoune
1056 3288 1091 3341 to
1106 3279 1155 3362 his
1170 3276 1296 3359 iorlang
1311 3284 1362 3340 est
1376 3278 1458 3341 ende
1474 3328 1482 3341 .
1497 3282 1602 3363 panea

396 3384 452 3464 har
474 3376 573 3440 north
598 3397 639 3438 on
663 3376 720 3439 the
741 3375 844 3440 heved
867 3382 901 3438 to
924 3396 1020 3459 grave
1043 3380 1147 3460 hanon
1172 3396 1213 3438 on
1231 3374 1393 3459 nirlnvale
1409 3426 1416 3439 .
1432 3377 1536 3460 hanen
1560 3398 1604 3440 on

396 3476 499 3540 smale
515 3495 587 3556 vvey
610 3472 673 3537 end
694 3473 770 3556 lang
785 3475 880 3538 neies
900 3473 933 3536 in
950 3471 1078 3536 uondes
1101 3472 1177 3536 dich
1197 3471 1290 3536 schot
1312 3472 1377 3535 and
1400 3473 1491 3538 loure
1513 3494 1603 3538 acres

396 3575 429 3637 hi
463 3572 580 3637 northe
613 3575 673 3652 han
706 3571 781 3635 dieh
812 3573 846 3635 of
871 3571 1000 3634 wondes
1022 3570 1098 3634 dich
1127 3572 1172 3653 by
1196 3570 1375 3634 vvirtvvalen
1397 3577 1495 3656 haren
1515 3572 1603 3661 bri03.

395 3670 573 3755 tingleighe
589 3668 727 3733 estuard
751 3690 855 3752 panea
878 3689 919 3732 on
942 3670 1006 3757 ri3t
1026 3690 1071 3752 up
1091 3690 1133 3733 on
1151 3668 1545 3755 Pinelveshmgge⁸1>anen
1560 3693 1602 3736 on

395 3768 578 3834 merenelle
600 3772 706 3853 herren
729 3788 770 3831 on
801 3768 865 3855 r3it
886 3776 920 3831 to
944 3767 992 3852 his
1014 3774 1064 3830 est
1085 3766 1163 3850 long
1185 3766 1315 3849 lurlaug
1336 3775 1387 3830 est
1415 3768 1498 3833 ende
1521 3770 1604 3836 ende

395 3869 473 3953 lang
493 3872 551 3954 har
573 3865 639 3931 lete
661 3873 695 3930 to
717 3869 780 3950 han
805 3866 899 3930 north
929 3865 1006 3949 lang
1028 3864 1157 3948 furlang
1179 3864 1276 3928 north
1303 3864 1386 3928 ende
1406 3865 1471 3930 end
1492 3867 1604 3952 langen

396 3971 454 4054 har
475 3967 542 4031 lete
564 3968 623 4052 par
644 3986 685 4028 on
709 3973 782 4029 stan
805 3964 866 4028 vvei
881 3963 962 4027 ende
983 3962 1096 4047 langes
1114 3971 1188 4026 stan
1203 3963 1301 4027 ueies
1323 3964 1382 4049 Par
1403 3965 1516 4029 eston
1539 3966 1605 4031 Ra·

395 4063 551 4130 dent'orde
566 4109 577 4127 .

442 4167 527 4228 Acta
546 4163 608 4226 hee
631 4160 694 4225 est⁹
708 4159 886 4243 praedicta¹0
899 4159 1035 4225 donacio
1057 4180 1144 4222 anno
1165 4158 1208 4222 ah
1230 4159 1458 4223 incarnacione
1480 4161 1604 4229 domini
1626 4231 1628 4234 Α

397 4263 500 4327 nostri
514 4262 537 4325 J
539 4262 620 4325 hesu
637 4259 758 4324 Christi
773 4310 780 4323 .
796 4267 1018 4323 uccccxmn’to
1033 4305 1043 4322 .
1057 4257 1237 4321 indictione
1250 4265 1389 4322 octava.

486 4388 489 4393 ’
528 4371 597 4455 Ego
619 4369 835 4434 Athe-lstanus
846 4390 902 4433 rex
917 4369 1019 4433 totius
1035 4367 1203 4431 Britannia
1219 4369 1378 4450 prefatam
1393 4367 1604 4435 donacionem

660 4489 734 4533 eum
750 4467 856 4553 sigillo
872 4473 981 4531 sancte
996 4466 1102 4530 erucis
1116 4464 1307 4529 confirmavi
1323 4510 1334 4528 .
1351 4467 1417 4545 υἷε.

461 4589 469 4622 ¹
488 4588 646 4653 Suhjiciene‚
659 4586 693 4638 Β.
824 4585 836 4617 ¹
853 4587 895 4645 Et,
906 4586 1023 4645 omitted,
1037 4583 1070 4634 Β.
1225 4584 1237 4616 ³
1253 4589 1299 4645 da,
1313 4581 1347 4632 Β.
1479 4583 1491 4616 ⁴
1507 4601 1558 4650 my,
1571 4585 1605 4637 Β.

396 4665 537 4726 ’rama
550 4664 584 4716 Β.
747 4663 826 4721 ‘Ah
839 4661 871 4712 Β.
1019 4659 1192 4721 ²Rationem,
1203 4659 1393 4723 affluearatobe
1404 4660 1602 4725 „qondam

394 4741 574 4808 namne
695 4736 1011 4803 mammaeae.
1111 4735 1132 4770 ¹0
1149 4733 1309 4800 rna-ae
1596 4748 1598 4753 ·
