<?xml version="1.0" encoding="UTF-8"?>
<!DOCTYPE html PUBLIC "-//W3C//DTD XHTML 1.0 Transitional//EN"
    "http://www.w3.org/TR/xhtml1/DTD/xhtml1-transitional.dtd">
<html xmlns="http://www.w3.org/1999/xhtml" xml:lang="en" lang="en">
 <head>
  <title>
</title>
<meta http-equiv="Content-Type" content="text/html;charset=utf-8" />
  <meta name='ocr-system' content='tesseract 3.04.00' />
  <meta name='ocr-capabilities' content='ocr_page ocr_carea ocr_par ocr_line ocrx_word'/>
</head>
<body>
  <div class='ocr_page' id='page_1' title='image "./cartulariumsaxo03bircgoog_0271.png"; bbox 0 0 3788 5498; ppageno 0'>
   <div class='ocr_carea' id='block_1_1' title="bbox 505 677 1719 771">
    <p class='ocr_par' dir='ltr' id='par_1_1' title="bbox 505 677 1719 771">
     <span class='ocr_line' id='line_1_1' title="bbox 505 677 1719 771; baseline -0.009 -12"><span class='ocrx_word' id='word_1_1' title='bbox 505 695 563 759; x_wconf 70' lang='lat' dir='ltr'><strong>aot</strong></span> <span class='ocrx_word' id='word_1_2' title='bbox 903 707 1088 757; x_wconf 70' lang='lat' dir='ltr'><strong>somnone</strong></span> <span class='ocrx_word' id='word_1_3' title='bbox 1107 707 1150 756; x_wconf 86' lang='lat' dir='ltr'><strong>ro</strong></span> <span class='ocrx_word' id='word_1_4' title='bbox 1171 677 1340 757; x_wconf 73' lang='lat' dir='ltr'><strong>umam</strong></span> <span class='ocrx_word' id='word_1_5' title='bbox 1552 686 1631 771; x_wconf 69' lang='lat' dir='ltr'><strong>[nn.</strong></span> <span class='ocrx_word' id='word_1_6' title='bbox 1646 686 1719 765; x_wconf 80' lang='lat'>845.</span> 
     </span>
    </p>
   </div>
   <div class='ocr_carea' id='block_1_2' title="bbox 509 854 1723 1441">
    <p class='ocr_par' dir='ltr' id='par_1_2' title="bbox 509 854 1721 1029">
     <span class='ocr_line' id='line_1_2' title="bbox 509 854 1721 948; baseline -0.01 -16"><span class='ocrx_word' id='word_1_7' title='bbox 509 885 580 931; x_wconf 86' lang='lat' dir='ltr'><strong>esse</strong></span> <span class='ocrx_word' id='word_1_8' title='bbox 594 867 799 932; x_wconf 84' lang='lat' dir='ltr'><strong>redditurum</strong></span> <span class='ocrx_word' id='word_1_9' title='bbox 814 866 879 930; x_wconf 88' lang='lat' dir='ltr'><strong>nisi</strong></span> <span class='ocrx_word' id='word_1_10' title='bbox 899 871 996 930; x_wconf 85' lang='lat' dir='ltr'><strong>antea</strong></span> <span class='ocrx_word' id='word_1_11' title='bbox 1015 863 1114 948; x_wconf 79' lang='lat' dir='ltr'><strong>digua</strong></span> <span class='ocrx_word' id='word_1_12' title='bbox 1136 862 1357 928; x_wconf 76' lang='lat' dir='ltr'><strong>satisfactione</strong></span> <span class='ocrx_word' id='word_1_13' title='bbox 1372 859 1543 927; x_wconf 81' lang='lat' dir='ltr'><strong>emendare</strong></span> <span class='ocrx_word' id='word_1_14' title='bbox 1556 854 1721 922; x_wconf 82' lang='lat' dir='ltr'><strong>voluerit.</strong></span> 
     </span>
     <span class='ocr_line' id='line_1_3' title="bbox 509 960 1440 1029; baseline -0.002 -2"><span class='ocrx_word' id='word_1_15' title='bbox 509 973 662 1029; x_wconf 88' lang='lat' dir='ltr'><strong>manente</strong></span> <span class='ocrx_word' id='word_1_16' title='bbox 676 964 739 1028; x_wconf 86' lang='lat' dir='ltr'><strong>hac</strong></span> <span class='ocrx_word' id='word_1_17' title='bbox 753 964 877 1028; x_wconf 75' lang='lat' dir='ltr'><strong>mrtrila</strong></span> <span class='ocrx_word' id='word_1_18' title='bbox 892 964 927 1027; x_wconf 90' lang='lat' dir='ltr'><strong>in</strong></span> <span class='ocrx_word' id='word_1_19' title='bbox 942 984 1001 1027; x_wconf 87' lang='lat' dir='ltr'><strong>sua</strong></span> <span class='ocrx_word' id='word_1_20' title='bbox 1015 961 1247 1026; x_wconf 81' lang='lat' dir='ltr'><strong>nichilominus</strong></span> <span class='ocrx_word' id='word_1_21' title='bbox 1262 960 1416 1024; x_wconf 81' lang='lat' dir='ltr'><strong>firmitate</strong></span> <span class='ocrx_word' id='word_1_22' title='bbox 1430 1007 1440 1025; x_wconf 91' lang='lat'><strong>.</strong></span> 
     </span>
    </p>

    <p class='ocr_par' dir='ltr' id='par_1_3' title="bbox 510 1058 1723 1441">
     <span class='ocr_line' id='line_1_4' title="bbox 553 1058 1722 1127; baseline -0.009 0"><span class='ocrx_word' id='word_1_23' title='bbox 553 1065 678 1127; x_wconf 84' lang='lat' dir='ltr'><strong>Actum</strong></span> <span class='ocrx_word' id='word_1_24' title='bbox 694 1071 745 1127; x_wconf 81' lang='lat' dir='ltr'><strong>est</strong></span> <span class='ocrx_word' id='word_1_25' title='bbox 765 1069 876 1127; x_wconf 87' lang='lat' dir='ltr'><strong>autem</strong></span> <span class='ocrx_word' id='word_1_26' title='bbox 901 1083 988 1126; x_wconf 89' lang='lat' dir='ltr'><strong>anno</strong></span> <span class='ocrx_word' id='word_1_27' title='bbox 1014 1061 1175 1125; x_wconf 86' lang='lat' dir='ltr'><strong>dominice</strong></span> <span class='ocrx_word' id='word_1_28' title='bbox 1198 1058 1431 1125; x_wconf 85' lang='lat' dir='ltr'><strong>incarnationis</strong></span> <span class='ocrx_word' id='word_1_29' title='bbox 1444 1107 1453 1122; x_wconf 90' lang='lat'><strong>.</strong></span> <span class='ocrx_word' id='word_1_30' title='bbox 1468 1072 1553 1121; x_wconf 81' lang='lat' dir='ltr'><strong>noco</strong></span> <span class='ocrx_word' id='word_1_31' title='bbox 1567 1102 1578 1121; x_wconf 82' lang='grc'><strong>.</strong></span> <span class='ocrx_word' id='word_1_32' title='bbox 1591 1068 1722 1118; x_wconf 76' lang='lat' dir='ltr'><strong>xxm.</strong></span> 
     </span>
     <span class='ocr_line' id='line_1_5' title="bbox 510 1155 1722 1238; baseline -0.006 -15"><span class='ocrx_word' id='word_1_33' title='bbox 510 1159 883 1226; x_wconf 74' lang='lat' dir='ltr'><strong>Indictione.n111.lris</strong></span> <span class='ocrx_word' id='word_1_34' title='bbox 898 1166 1008 1224; x_wconf 85' lang='lat' dir='ltr'><strong>autom</strong></span> <span class='ocrx_word' id='word_1_35' title='bbox 1023 1159 1164 1223; x_wconf 86' lang='lat' dir='ltr'><strong>testibus</strong></span> <span class='ocrx_word' id='word_1_36' title='bbox 1178 1157 1490 1238; x_wconf 82' lang='lat' dir='ltr'><strong>consentientibus]</strong></span> <span class='ocrx_word' id='word_1_37' title='bbox 1504 1155 1597 1238; x_wconf 85' lang='lat' dir='ltr'><strong>siguo</strong></span> <span class='ocrx_word' id='word_1_38' title='bbox 1612 1157 1722 1217; x_wconf 82' lang='lat' dir='ltr'><strong>sancte</strong></span> 
     </span>
     <span class='ocr_line' id='line_1_6' title="bbox 511 1252 1723 1340; baseline -0.007 -17"><span class='ocrx_word' id='word_1_39' title='bbox 511 1261 617 1324; x_wconf 88' lang='lat' dir='ltr'><strong>crucis</strong></span> <span class='ocrx_word' id='word_1_40' title='bbox 640 1260 765 1325; x_wconf 84' lang='lat' dir='ltr'><strong>Christi</strong></span> <span class='ocrx_word' id='word_1_41' title='bbox 790 1258 1058 1323; x_wconf 84' lang='lat' dir='ltr'><strong>confirmantibus</strong></span> <span class='ocrx_word' id='word_1_42' title='bbox 1085 1278 1222 1340; x_wconf 89' lang='lat' dir='ltr'><strong>quorum</strong></span> <span class='ocrx_word' id='word_1_43' title='bbox 1246 1257 1301 1321; x_wconf 87' lang='lat' dir='ltr'><strong>hio</strong></span> <span class='ocrx_word' id='word_1_44' title='bbox 1329 1256 1461 1319; x_wconf 82' lang='lat' dir='ltr'><strong>nomina</strong></span> <span class='ocrx_word' id='word_1_45' title='bbox 1491 1253 1655 1318; x_wconf 82' lang='lat' dir='ltr'><strong>subterius</strong></span> <span class='ocrx_word' id='word_1_46' title='bbox 1687 1252 1723 1315; x_wconf 92' lang='lat' dir='ltr'><strong>in</strong></span> 
     </span>
     <span class='ocr_line' id='line_1_7' title="bbox 511 1357 1102 1441; baseline -0.005 -19"><span class='ocrx_word' id='word_1_47' title='bbox 511 1357 628 1422; x_wconf 83' lang='lat' dir='ltr'><strong>cedula</strong></span> <span class='ocrx_word' id='word_1_48' title='bbox 642 1358 856 1441; x_wconf 83' lang='lat' dir='ltr'><strong>probabiliter</strong></span> <span class='ocrx_word' id='word_1_49' title='bbox 870 1357 1102 1421; x_wconf 82' lang='lat' dir='ltr'><strong>continentur.</strong></span> 
     </span>
    </p>
   </div>
   <div class='ocr_carea' id='block_1_3' title="bbox 600 1505 1642 1624">
    <p class='ocr_par' dir='ltr' id='par_1_4' title="bbox 600 1505 1642 1624">
     <span class='ocr_line' id='line_1_8' title="bbox 600 1505 1642 1562; baseline 0.007 -13"><span class='ocrx_word' id='word_1_50' title='bbox 600 1508 655 1558; x_wconf 60' lang='lat' dir='ltr'><strong>[k]</strong></span> <span class='ocrx_word' id='word_1_51' title='bbox 670 1509 730 1552; x_wconf 75' lang='lat' dir='ltr'><strong>nro.</strong></span> <span class='ocrx_word' id='word_1_52' title='bbox 739 1509 811 1559; x_wconf 65' lang='lat' dir='ltr'><strong>llus..</strong></span> <span class='ocrx_word' id='word_1_53' title='bbox 819 1508 905 1551; x_wconf 76' lang='lat' dir='ltr'><strong>Cotton</strong></span> <span class='ocrx_word' id='word_1_54' title='bbox 914 1509 967 1551; x_wconf 75' lang='lat' dir='ltr'><strong>MS.</strong></span> <span class='ocrx_word' id='word_1_55' title='bbox 973 1507 1054 1552; x_wconf 76' lang='lat' dir='ltr'><strong>Julius</strong></span> <span class='ocrx_word' id='word_1_56' title='bbox 1063 1509 1092 1552; x_wconf 83' lang='lat' dir='ltr'><strong>D.</strong></span> <span class='ocrx_word' id='word_1_57' title='bbox 1101 1509 1127 1558; x_wconf 81' lang='lat' dir='ltr'><strong>ii.</strong></span> <span class='ocrx_word' id='word_1_58' title='bbox 1135 1509 1155 1551; x_wconf 77' lang='lat' dir='ltr'><strong>l.</strong></span> <span class='ocrx_word' id='word_1_59' title='bbox 1165 1510 1210 1551; x_wconf 71' lang='lat'><strong>1³².</strong></span> <span class='ocrx_word' id='word_1_60' title='bbox 1239 1508 1274 1562; x_wconf 65' lang='grc' dir='ltr'><strong>(Υ.</strong></span> <span class='ocrx_word' id='word_1_61' title='bbox 1283 1509 1299 1530; x_wconf 80' lang='lat'><strong>‘¹</strong></span> <span class='ocrx_word' id='word_1_62' title='bbox 1305 1507 1407 1552; x_wconf 65' lang='lat' dir='ltr'><strong>Bomio</strong></span> <span class='ocrx_word' id='word_1_63' title='bbox 1414 1508 1445 1553; x_wconf 71' lang='lat' dir='ltr'><strong>lb</strong></span> <span class='ocrx_word' id='word_1_64' title='bbox 1452 1505 1642 1556; x_wconf 44' lang='lat' dir='ltr'><strong>unanimous&amp;</strong></span> 
     </span>
     <span class='ocr_line' id='line_1_9' title="bbox 833 1570 1411 1624; baseline 0.005 -12"><span class='ocrx_word' id='word_1_65' title='bbox 833 1570 871 1614; x_wconf 75' lang='lat' dir='ltr'><strong>m.</strong></span> <span class='ocrx_word' id='word_1_66' title='bbox 883 1571 991 1622; x_wconf 63' lang='lat' dir='ltr'><strong>aaaron,</strong></span> <span class='ocrx_word' id='word_1_67' title='bbox 999 1572 1037 1615; x_wconf 74' lang='lat' dir='ltr'><strong>ed.</strong></span> <span class='ocrx_word' id='word_1_68' title='bbox 1048 1571 1174 1614; x_wconf 63' lang='lat' dir='ltr'><strong>linium</strong></span> <span class='ocrx_word' id='word_1_69' title='bbox 1182 1571 1257 1622; x_wconf 69' lang='lat' dir='ltr'><strong>mom</strong></span> <span class='ocrx_word' id='word_1_70' title='bbox 1265 1570 1336 1622; x_wconf 64' lang='lat' dir='ltr'><strong>Bm),</strong></span> <span class='ocrx_word' id='word_1_71' title='bbox 1342 1583 1368 1624; x_wconf 75' lang='lat' dir='ltr'><strong>p.</strong></span> <span class='ocrx_word' id='word_1_72' title='bbox 1376 1573 1411 1615; x_wconf 67' lang='lat'><strong>1⁸.</strong></span> 
     </span>
    </p>
   </div>
   <div class='ocr_carea' id='block_1_4' title="bbox 513 1940 1786 2324">
    <p class='ocr_par' dir='ltr' id='par_1_5' title="bbox 513 1940 1727 2126">
     <span class='ocr_line' id='line_1_10' title="bbox 513 1940 1726 2040; baseline -0.003 -32"><span class='ocrx_word' id='word_1_73' title='bbox 513 1945 579 2008; x_wconf 87' lang='lat'><strong>853</strong></span> <span class='ocrx_word' id='word_1_74' title='bbox 602 1943 729 2027; x_wconf 72' lang='lat'>(44913).</span> <span class='ocrx_word' id='word_1_75' title='bbox 773 1944 880 2040; x_wconf 49' lang='lat' dir='ltr'><strong>§rorat</strong></span> <span class='ocrx_word' id='word_1_76' title='bbox 905 1944 943 2027; x_wconf 76' lang='lat' dir='ltr'><strong>by</strong></span> <span class='ocrx_word' id='word_1_77' title='bbox 966 1944 1147 2029; x_wconf 71' lang='lat' dir='ltr'><strong>AEbclu-nls,</strong></span> <span class='ocrx_word' id='word_1_78' title='bbox 1161 1945 1253 2028; x_wconf 73' lang='lat' dir='ltr'><strong>Kiap</strong></span> <span class='ocrx_word' id='word_1_79' title='bbox 1278 1946 1317 2027; x_wconf 89' lang='lat' dir='ltr'><strong>os</strong></span> <span class='ocrx_word' id='word_1_80' title='bbox 1334 1944 1386 2008; x_wconf 74' lang='lat' dir='ltr'><strong>tlte</strong></span> <span class='ocrx_word' id='word_1_81' title='bbox 1408 1943 1489 2008; x_wconf 70' lang='lat' dir='ltr'><strong>west</strong></span> <span class='ocrx_word' id='word_1_82' title='bbox 1514 1941 1636 2006; x_wconf 65' lang='lat' dir='ltr'><strong>&amp;wana</strong></span> <span class='ocrx_word' id='word_1_83' title='bbox 1658 1940 1726 2004; x_wconf 75' lang='lat' dir='ltr'><strong>aad</strong></span> 
     </span>
     <span class='ocr_line' id='line_1_11' title="bbox 646 2037 1727 2126; baseline -0.004 -22"><span class='ocrx_word' id='word_1_84' title='bbox 646 2042 785 2105; x_wconf 63' lang='lat' dir='ltr'><strong>Kcntmb</strong></span> <span class='ocrx_word' id='word_1_85' title='bbox 801 2043 921 2125; x_wconf 74' lang='lat' dir='ltr'><strong>pcopb,</strong></span> <span class='ocrx_word' id='word_1_86' title='bbox 944 2050 974 2106; x_wconf 81' lang='lat' dir='ltr'><strong>to</strong></span> <span class='ocrx_word' id='word_1_87' title='bbox 993 2044 1149 2118; x_wconf 62' lang='lat' dir='ltr'><strong>triturare,</strong></span> <span class='ocrx_word' id='word_1_88' title='bbox 1169 2043 1334 2126; x_wconf 74' lang='lat' dir='ltr'><strong>Presbyter</strong></span> <span class='ocrx_word' id='word_1_89' title='bbox 1357 2041 1460 2105; x_wconf 72' lang='lat' dir='ltr'><strong>Abona</strong></span> <span class='ocrx_word' id='word_1_90' title='bbox 1482 2041 1522 2124; x_wconf 88' lang='lat' dir='ltr'><strong>os</strong></span> <span class='ocrx_word' id='word_1_91' title='bbox 1542 2039 1590 2104; x_wconf 70' lang='lat' dir='ltr'><strong>st.</strong></span> <span class='ocrx_word' id='word_1_92' title='bbox 1613 2037 1727 2101; x_wconf 76' lang='lat' dir='ltr'><strong>Pder’s</strong></span> 
     </span>
    </p>

    <p class='ocr_par' dir='ltr' id='par_1_6' title="bbox 495 2126 1786 2324">
     <span class='ocr_line' id='line_1_12' title="bbox 604 2126 1726 2226; baseline -0.003 -24"><span class='ocrx_word' id='word_1_93' title='bbox 604 2161 610 2168; x_wconf 90' lang='lat'><strong>·</strong></span> <span class='ocrx_word' id='word_1_94' title='bbox 647 2126 858 2223; x_wconf 72' lang='lat' dir='ltr'><strong>(istcrwards</strong></span> <span class='ocrx_word' id='word_1_95' title='bbox 883 2143 928 2207; x_wconf 77' lang='lat' dir='ltr'><strong>St.</strong></span> <span class='ocrx_word' id='word_1_96' title='bbox 950 2143 1165 2226; x_wconf 72' lang='lat' dir='ltr'><strong>Arrqnsla&#39;rw’a)</strong></span> <span class='ocrx_word' id='word_1_97' title='bbox 1180 2142 1290 2223; x_wconf 72' lang='lat' dir='ltr'><strong>Abay,</strong></span> <span class='ocrx_word' id='word_1_98' title='bbox 1312 2139 1517 2221; x_wconf 79' lang='lat' dir='ltr'><strong>Coatcrbury,</strong></span> <span class='ocrx_word' id='word_1_99' title='bbox 1530 2140 1570 2223; x_wconf 88' lang='lat' dir='ltr'><strong>os</strong></span> <span class='ocrx_word' id='word_1_100' title='bbox 1590 2137 1669 2200; x_wconf 78' lang='lat' dir='ltr'><strong>laod</strong></span> <span class='ocrx_word' id='word_1_101' title='bbox 1691 2143 1726 2200; x_wconf 74' lang='lat' dir='ltr'><strong>ot</strong></span> 
     </span>
     <span class='ocr_line' id='line_1_13' title="bbox 645 2237 1786 2324; baseline -0.001 -22.116"><span class='ocrx_word' id='word_1_102' title='bbox 645 2240 842 2318; x_wconf 63' lang='lat' dir='ltr'><strong>lilliccsorn</strong></span> <span class='ocrx_word' id='word_1_103' title='bbox 866 2242 905 2304; x_wconf 79' lang='lat' dir='ltr'><strong>in</strong></span> <span class='ocrx_word' id='word_1_104' title='bbox 930 2240 1010 2304; x_wconf 81' lang='lat' dir='ltr'><strong>East</strong></span> <span class='ocrx_word' id='word_1_105' title='bbox 1036 2243 1131 2305; x_wconf 80' lang='lat' dir='ltr'><strong>Kcul.</strong></span> <span class='ocrx_word' id='word_1_106' title='bbox 1176 2241 1328 2324; x_wconf 76' lang='lat' dir='ltr'><strong>Mmuloy,</strong></span> <span class='ocrx_word' id='word_1_107' title='bbox 1355 2240 1433 2303; x_wconf 76' lang='lat' dir='ltr'><strong>ltillo</strong></span> <span class='ocrx_word' id='word_1_108' title='bbox 1461 2237 1639 2312; x_wconf 76' lang='lat' dir='ltr'><strong>November,</strong></span> <span class='ocrx_word' id='word_1_109' title='bbox 1664 2250 1727 2302; x_wconf 65' lang='lat' dir='ltr'><strong>un.</strong></span> <span class='ocrx_word' id='word_1_110' title='bbox 1784 2270 1786 2274; x_wconf 94' lang='lat'>·</span> 
     </span>
    </p>
   </div>
   <div class='ocr_carea' id='block_1_5' title="bbox 556 2471 1737 2567">
    <p class='ocr_par' dir='ltr' id='par_1_7' title="bbox 556 2471 1737 2567">
     <span class='ocr_line' id='line_1_14' title="bbox 556 2471 1737 2567; baseline -0.001 -30"><span class='ocrx_word' id='word_1_111' title='bbox 556 2473 599 2538; x_wconf 92' lang='lat' dir='ltr'><strong>In</strong></span> <span class='ocrx_word' id='word_1_112' title='bbox 616 2473 752 2539; x_wconf 88' lang='lat' dir='ltr'><strong>nornine</strong></span> <span class='ocrx_word' id='word_1_113' title='bbox 768 2475 917 2541; x_wconf 86' lang='lat' dir='ltr'><strong>altitroui</strong></span> <span class='ocrx_word' id='word_1_114' title='bbox 932 2478 1016 2561; x_wconf 85' lang='lat' dir='ltr'><strong>regis</strong></span> <span class='ocrx_word' id='word_1_115' title='bbox 1030 2478 1134 2541; x_wconf 84' lang='lat' dir='ltr'><strong>eterni</strong></span> <span class='ocrx_word' id='word_1_116' title='bbox 1150 2478 1229 2567; x_wconf 72' lang='lat' dir='ltr'><strong>Ego¹</strong></span> <span class='ocrx_word' id='word_1_117' title='bbox 1239 2475 1435 2540; x_wconf 72' lang='lat' dir='ltr'><strong>AEnnuvcnr</strong></span> <span class='ocrx_word' id='word_1_118' title='bbox 1458 2473 1563 2558; x_wconf 65' lang='lat' dir='ltr'><strong>gnatia</strong></span> <span class='ocrx_word' id='word_1_119' title='bbox 1585 2471 1649 2536; x_wconf 86' lang='lat' dir='ltr'><strong>Dei</strong></span> <span class='ocrx_word' id='word_1_120' title='bbox 1672 2492 1737 2536; x_wconf 75' lang='lat' dir='ltr'><strong>rex·</strong></span> 
     </span>
    </p>
   </div>
   <div class='ocr_carea' id='block_1_6' title="bbox 515 2573 1825 2659">
    <p class='ocr_par' dir='ltr' id='par_1_8' title="bbox 515 2573 1825 2659">
     <span class='ocr_line' id='line_1_15' title="bbox 515 2573 1825 2659; baseline -0.002 -23"><span class='ocrx_word' id='word_1_121' title='bbox 515 2573 766 2638; x_wconf 77' lang='lat' dir='ltr'><strong>occidentalium</strong></span> <span class='ocrx_word' id='word_1_122' title='bbox 783 2574 948 2639; x_wconf 80' lang='lat' dir='ltr'><strong>Saxonum</strong></span> <span class='ocrx_word' id='word_1_123' title='bbox 965 2596 1092 2639; x_wconf 85' lang='lat' dir='ltr'><strong>necnon</strong></span> <span class='ocrx_word' id='word_1_124' title='bbox 1104 2596 1123 2658; x_wconf 83' lang='lat'>]</span> <span class='ocrx_word' id='word_1_125' title='bbox 1137 2576 1387 2641; x_wconf 85' lang='lat' dir='ltr'><strong>Cantuan&#39;orum</strong></span> <span class='ocrx_word' id='word_1_126' title='bbox 1397 2594 1457 2659; x_wconf 90' lang='lat' dir='ltr'><strong>pro</strong></span> <span class='ocrx_word' id='word_1_127' title='bbox 1471 2593 1529 2657; x_wconf 88' lang='lat' dir='ltr'><strong>spe</strong></span> <span class='ocrx_word' id='word_1_128' title='bbox 1543 2591 1729 2636; x_wconf 88' lang='lat' dir='ltr'><strong>remunera·</strong></span> <span class='ocrx_word' id='word_1_129' title='bbox 1824 2585 1825 2589; x_wconf 76' lang='grc'>’</span> 
     </span>
    </p>
   </div>
   <div class='ocr_carea' id='block_1_7' title="bbox 516 2668 1815 4665">
    <p class='ocr_par' dir='ltr' id='par_1_9' title="bbox 516 2668 1815 3781">
     <span class='ocr_line' id='line_1_16' title="bbox 516 2668 1728 2757; baseline 0 -23"><span class='ocrx_word' id='word_1_130' title='bbox 516 2672 616 2735; x_wconf 87' lang='lat' dir='ltr'><strong>tionis</strong></span> <span class='ocrx_word' id='word_1_131' title='bbox 637 2679 750 2735; x_wconf 87' lang='lat' dir='ltr'><strong>etcrnc</strong></span> <span class='ocrx_word' id='word_1_132' title='bbox 771 2682 871 2756; x_wconf 89' lang='lat' dir='ltr'><strong>atque</strong></span> <span class='ocrx_word' id='word_1_133' title='bbox 891 2673 1089 2757; x_wconf 82' lang='lat' dir='ltr'><strong>competenti</strong></span> <span class='ocrx_word' id='word_1_134' title='bbox 1116 2675 1253 2756; x_wconf 80' lang='lat' dir='ltr'><strong>pecunia</strong></span> <span class='ocrx_word' id='word_1_135' title='bbox 1275 2693 1375 2757; x_wconf 88' lang='lat' dir='ltr'><strong>quam</strong></span> <span class='ocrx_word' id='word_1_136' title='bbox 1399 2674 1441 2737; x_wconf 88' lang='lat' dir='ltr'><strong>ub</strong></span> <span class='ocrx_word' id='word_1_137' title='bbox 1465 2693 1504 2737; x_wconf 89' lang='lat' dir='ltr'><strong>eo</strong></span> <span class='ocrx_word' id='word_1_138' title='bbox 1530 2670 1641 2755; x_wconf 85' lang='lat' dir='ltr'><strong>accepi</strong></span> <span class='ocrx_word' id='word_1_139' title='bbox 1666 2668 1728 2734; x_wconf 90' lang='lat' dir='ltr'><strong>hoc</strong></span> 
     </span>
     <span class='ocr_line' id='line_1_17' title="bbox 517 2770 1728 2854; baseline -0.002 -20"><span class='ocrx_word' id='word_1_140' title='bbox 517 2778 589 2834; x_wconf 88' lang='lat' dir='ltr'><strong>est.</strong></span> <span class='ocrx_word' id='word_1_141' title='bbox 605 2786 674 2833; x_wconf 75' lang='lat' dir='ltr'><strong>m</strong></span> <span class='ocrx_word' id='word_1_142' title='bbox 688 2819 697 2833; x_wconf 88' lang='lat'><strong>.</strong></span> <span class='ocrx_word' id='word_1_143' title='bbox 712 2772 876 2836; x_wconf 84' lang='lat' dir='ltr'><strong>mancosis</strong></span> <span class='ocrx_word' id='word_1_144' title='bbox 892 2793 966 2837; x_wconf 89' lang='lat' dir='ltr'><strong>cum</strong></span> <span class='ocrx_word' id='word_1_145' title='bbox 987 2793 1145 2836; x_wconf 87' lang='lat' dir='ltr'><strong>consensu</strong></span> <span class='ocrx_word' id='word_1_146' title='bbox 1161 2793 1198 2836; x_wconf 84' lang='lat' dir='ltr'><strong>ac</strong></span> <span class='ocrx_word' id='word_1_147' title='bbox 1212 2772 1345 2836; x_wconf 85' lang='lat' dir='ltr'><strong>licentia</strong></span> <span class='ocrx_word' id='word_1_148' title='bbox 1369 2791 1515 2836; x_wconf 86' lang='lat' dir='ltr'><strong>meonun</strong></span> <span class='ocrx_word' id='word_1_149' title='bbox 1534 2770 1728 2854; x_wconf 85' lang='lat' dir='ltr'><strong>optimatum</strong></span> 
     </span>
     <span class='ocr_line' id='line_1_18' title="bbox 516 2872 1729 2958; baseline 0 -23"><span class='ocrx_word' id='word_1_150' title='bbox 516 2872 635 2937; x_wconf 89' lang='lat' dir='ltr'><strong>libenti</strong></span> <span class='ocrx_word' id='word_1_151' title='bbox 650 2873 760 2936; x_wconf 86' lang='lat' dir='ltr'><strong>animo</strong></span> <span class='ocrx_word' id='word_1_152' title='bbox 774 2873 858 2938; x_wconf 89' lang='lat' dir='ltr'><strong>dabo</strong></span> <span class='ocrx_word' id='word_1_153' title='bbox 874 2894 893 2957; x_wconf 82' lang='lat'><em>]</em></span> <span class='ocrx_word' id='word_1_154' title='bbox 908 2874 1049 2939; x_wconf 84' lang='lat' dir='ltr'><strong>concedo</strong></span> <span class='ocrx_word' id='word_1_155' title='bbox 1064 2874 1233 2938; x_wconf 79' lang='lat' dir='ltr'><strong>ll&#39;nurunu</strong></span> <span class='ocrx_word' id='word_1_156' title='bbox 1253 2875 1441 2958; x_wconf 75' lang='lat' dir='ltr'><strong>presbytero</strong></span> <span class='ocrx_word' id='word_1_157' title='bbox 1463 2873 1577 2938; x_wconf 81' lang='lat' dir='ltr'><strong>abbati</strong></span> <span class='ocrx_word' id='word_1_158' title='bbox 1601 2891 1729 2936; x_wconf 83' lang='lat' dir='ltr'><strong>monas·</strong></span> 
     </span>
     <span class='ocr_line' id='line_1_19' title="bbox 516 2974 1731 3061; baseline 0.001 -23"><span class='ocrx_word' id='word_1_159' title='bbox 516 2976 592 3039; x_wconf 86' lang='lat' dir='ltr'><strong>terii</strong></span> <span class='ocrx_word' id='word_1_160' title='bbox 612 2977 718 3039; x_wconf 87' lang='lat' dir='ltr'><strong>sancti</strong></span> <span class='ocrx_word' id='word_1_161' title='bbox 742 2977 833 3041; x_wconf 84' lang='lat' dir='ltr'><strong>Petri</strong></span> <span class='ocrx_word' id='word_1_162' title='bbox 855 2977 995 3061; x_wconf 85' lang='lat' dir='ltr'><strong>apostoli</strong></span> <span class='ocrx_word' id='word_1_163' title='bbox 1019 2978 1077 3042; x_wconf 91' lang='lat' dir='ltr'><strong>ubi</strong></span> <span class='ocrx_word' id='word_1_164' title='bbox 1103 2985 1219 3061; x_wconf 78' lang='lat' dir='ltr'><strong>pausat</strong></span> <span class='ocrx_word' id='word_1_165' title='bbox 1245 2998 1362 3061; x_wconf 87' lang='lat' dir='ltr'><strong>corpus</strong></span> <span class='ocrx_word' id='word_1_166' title='bbox 1386 2977 1476 3041; x_wconf 82' lang='lat' dir='ltr'><strong>beati</strong></span> <span class='ocrx_word' id='word_1_167' title='bbox 1499 2975 1602 3060; x_wconf 80' lang='lat' dir='ltr'><strong>patris</strong></span> <span class='ocrx_word' id='word_1_168' title='bbox 1628 2974 1731 3039; x_wconf 87' lang='lat' dir='ltr'><strong>nostri</strong></span> 
     </span>
     <span class='ocr_line' id='line_1_20' title="bbox 517 3076 1730 3165; baseline 0.001 -24"><span class='ocrx_word' id='word_1_169' title='bbox 517 3079 699 3162; x_wconf 81' lang='lat' dir='ltr'><strong>Augustini</strong></span> <span class='ocrx_word' id='word_1_170' title='bbox 723 3128 731 3144; x_wconf 88' lang='lat'><strong>.</strong></span> <span class='ocrx_word' id='word_1_171' title='bbox 754 3078 992 3162; x_wconf 83' lang='lat' dir='ltr'><strong>aliquantulum</strong></span> <span class='ocrx_word' id='word_1_172' title='bbox 1021 3080 1178 3165; x_wconf 85' lang='lat' dir='ltr'><strong>pa[r]tem</strong></span> <span class='ocrx_word' id='word_1_173' title='bbox 1205 3096 1290 3144; x_wconf 89' lang='lat' dir='ltr'><strong>torre</strong></span> <span class='ocrx_word' id='word_1_174' title='bbox 1316 3079 1403 3162; x_wconf 87' lang='lat' dir='ltr'><strong>juris</strong></span> <span class='ocrx_word' id='word_1_175' title='bbox 1425 3079 1491 3144; x_wconf 87' lang='lat' dir='ltr'><strong>mei</strong></span> <span class='ocrx_word' id='word_1_176' title='bbox 1515 3080 1550 3142; x_wconf 91' lang='lat' dir='ltr'><strong>in</strong></span> <span class='ocrx_word' id='word_1_177' title='bbox 1580 3076 1730 3142; x_wconf 78' lang='lat' dir='ltr'><strong>orientali</strong></span> 
     </span>
     <span class='ocr_line' id='line_1_21' title="bbox 518 3179 1732 3266; baseline -0.001 -21"><span class='ocrx_word' id='word_1_178' title='bbox 518 3187 611 3264; x_wconf 76' lang='lat' dir='ltr'><strong>parte</strong></span> <span class='ocrx_word' id='word_1_179' title='bbox 628 3179 746 3245; x_wconf 83' lang='lat' dir='ltr'><strong>Cantie</strong></span> <span class='ocrx_word' id='word_1_180' title='bbox 760 3181 795 3245; x_wconf 88' lang='lat' dir='ltr'><strong>id</strong></span> <span class='ocrx_word' id='word_1_181' title='bbox 810 3192 860 3245; x_wconf 88' lang='lat' dir='ltr'><strong>est</strong></span> <span class='ocrx_word' id='word_1_182' title='bbox 875 3203 978 3245; x_wconf 90' lang='lat' dir='ltr'><strong>unum</strong></span> <span class='ocrx_word' id='word_1_183' title='bbox 994 3191 1139 3246; x_wconf 83' lang='lat' dir='ltr'><strong>aratrum</strong></span> <span class='ocrx_word' id='word_1_184' title='bbox 1153 3183 1188 3245; x_wconf 90' lang='lat' dir='ltr'><strong>in</strong></span> <span class='ocrx_word' id='word_1_185' title='bbox 1204 3182 1262 3245; x_wconf 94' lang='lat' dir='ltr'><strong>illo</strong></span> <span class='ocrx_word' id='word_1_186' title='bbox 1275 3181 1347 3246; x_wconf 83' lang='lat' dir='ltr'><strong>loco</strong></span> <span class='ocrx_word' id='word_1_187' title='bbox 1361 3182 1420 3266; x_wconf 88' lang='lat' dir='ltr'><strong>qui</strong></span> <span class='ocrx_word' id='word_1_188' title='bbox 1433 3182 1476 3246; x_wconf 87' lang='lat' dir='ltr'><strong>ab</strong></span> <span class='ocrx_word' id='word_1_189' title='bbox 1494 3180 1610 3245; x_wconf 87' lang='lat' dir='ltr'><strong>incolis</strong></span> <span class='ocrx_word' id='word_1_190' title='bbox 1624 3180 1732 3244; x_wconf 65' lang='grc' dir='ltr'><strong>ΙΜ-</strong></span> 
     </span>
     <span class='ocr_line' id='line_1_22' title="bbox 520 3283 1733 3369; baseline 0 -21"><span class='ocrx_word' id='word_1_191' title='bbox 520 3285 660 3348; x_wconf 76' lang='lat' dir='ltr'><strong>cnsom¹</strong></span> <span class='ocrx_word' id='word_1_192' title='bbox 676 3285 864 3349; x_wconf 81' lang='lat' dir='ltr'><strong>nominatur</strong></span> <span class='ocrx_word' id='word_1_193' title='bbox 879 3306 954 3351; x_wconf 91' lang='lat' dir='ltr'><strong>cum</strong></span> <span class='ocrx_word' id='word_1_194' title='bbox 969 3286 1094 3369; x_wconf 84' lang='lat' dir='ltr'><strong>campis</strong></span> <span class='ocrx_word' id='word_1_195' title='bbox 1107 3304 1128 3367; x_wconf 71' lang='lat' dir='ltr'>J</span> <span class='ocrx_word' id='word_1_196' title='bbox 1143 3285 1235 3350; x_wconf 84' lang='lat' dir='ltr'><strong>silvis</strong></span> <span class='ocrx_word' id='word_1_197' title='bbox 1250 3285 1466 3369; x_wconf 87' lang='lat' dir='ltr'><strong>omnibusque</strong></span> <span class='ocrx_word' id='word_1_198' title='bbox 1479 3285 1576 3350; x_wconf 89' lang='lat' dir='ltr'><strong>rebus</strong></span> <span class='ocrx_word' id='word_1_199' title='bbox 1590 3285 1680 3348; x_wconf 85' lang='lat' dir='ltr'><strong>intus</strong></span> <span class='ocrx_word' id='word_1_200' title='bbox 1701 3283 1733 3348; x_wconf 88' lang='lat' dir='ltr'><strong>ei</strong></span> 
     </span>
     <span class='ocr_line' id='line_1_23' title="bbox 519 3385 1732 3472; baseline 0.002 -23"><span class='ocrx_word' id='word_1_201' title='bbox 519 3407 541 3469; x_wconf 84' lang='lat'>]</span> <span class='ocrx_word' id='word_1_202' title='bbox 556 3386 636 3450; x_wconf 84' lang='lat' dir='ltr'><strong>soris</strong></span> <span class='ocrx_word' id='word_1_203' title='bbox 650 3385 693 3450; x_wconf 87' lang='lat' dir='ltr'><strong>ad</strong></span> <span class='ocrx_word' id='word_1_204' title='bbox 708 3408 743 3451; x_wconf 89' lang='lat' dir='ltr'><strong>se</strong></span> <span class='ocrx_word' id='word_1_205' title='bbox 757 3388 820 3452; x_wconf 84' lang='lat' dir='ltr'><strong>rito</strong></span> <span class='ocrx_word' id='word_1_206' title='bbox 834 3408 873 3452; x_wconf 89' lang='lat' dir='ltr'><strong>ac</strong></span> <span class='ocrx_word' id='word_1_207' title='bbox 887 3395 974 3453; x_wconf 83' lang='lat' dir='ltr'><strong>recte</strong></span> <span class='ocrx_word' id='word_1_208' title='bbox 989 3389 1228 3472; x_wconf 85' lang='lat' dir='ltr'><strong>pertinentibus</strong></span> <span class='ocrx_word' id='word_1_209' title='bbox 1248 3388 1433 3452; x_wconf 86' lang='lat' dir='ltr'><strong>habendam</strong></span> <span class='ocrx_word' id='word_1_210' title='bbox 1447 3407 1467 3471; x_wconf 73' lang='lat'>3</span> <span class='ocrx_word' id='word_1_211' title='bbox 1481 3386 1732 3472; x_wconf 81' lang='lat' dir='ltr'><strong>possidendam.</strong></span> 
     </span>
     <span class='ocr_line' id='line_1_24' title="bbox 520 3484 1732 3570; baseline 0.002 -22"><span class='ocrx_word' id='word_1_212' title='bbox 520 3485 725 3568; x_wconf 77' lang='lat' dir='ltr'><strong>feliciterque</strong></span> <span class='ocrx_word' id='word_1_213' title='bbox 736 3485 771 3548; x_wconf 92' lang='lat' dir='ltr'><strong>in</strong></span> <span class='ocrx_word' id='word_1_214' title='bbox 783 3485 898 3551; x_wconf 89' lang='lat' dir='ltr'><strong>diebus</strong></span> <span class='ocrx_word' id='word_1_215' title='bbox 909 3488 980 3568; x_wconf 86' lang='lat' dir='ltr'><strong>ejus</strong></span> <span class='ocrx_word' id='word_1_216' title='bbox 991 3487 1027 3550; x_wconf 92' lang='lat' dir='ltr'><strong>in</strong></span> <span class='ocrx_word' id='word_1_217' title='bbox 1042 3507 1247 3570; x_wconf 84' lang='lat' dir='ltr'><strong>quacumque</strong></span> <span class='ocrx_word' id='word_1_218' title='bbox 1262 3487 1293 3551; x_wconf 86' lang='lat' dir='ltr'><strong>ei</strong></span> <span class='ocrx_word' id='word_1_219' title='bbox 1304 3486 1490 3551; x_wconf 84' lang='lat' dir='ltr'><strong>conditione</strong></span> <span class='ocrx_word' id='word_1_220' title='bbox 1501 3484 1732 3569; x_wconf 84' lang='lat' dir='ltr'><strong>perfruendum</strong></span> 
     </span>
     <span class='ocr_line' id='line_1_25' title="bbox 521 3587 1731 3673; baseline 0.001 -22"><span class='ocrx_word' id='word_1_221' title='bbox 521 3608 540 3669; x_wconf 66' lang='lat'>1</span> <span class='ocrx_word' id='word_1_222' title='bbox 556 3596 632 3671; x_wconf 83' lang='lat' dir='ltr'><strong>post</strong></span> <span class='ocrx_word' id='word_1_223' title='bbox 645 3587 716 3652; x_wconf 83' lang='lat' dir='ltr'><strong>dies</strong></span> <span class='ocrx_word' id='word_1_224' title='bbox 731 3588 803 3671; x_wconf 89' lang='lat' dir='ltr'><strong>ejus</strong></span> <span class='ocrx_word' id='word_1_225' title='bbox 817 3589 1012 3672; x_wconf 88' lang='lat' dir='ltr'><strong>cuicumque</strong></span> <span class='ocrx_word' id='word_1_226' title='bbox 1027 3590 1098 3673; x_wconf 87' lang='lat' dir='ltr'><strong>ejus</strong></span> <span class='ocrx_word' id='word_1_227' title='bbox 1111 3588 1223 3654; x_wconf 84' lang='lat' dir='ltr'><strong>heredi</strong></span> <span class='ocrx_word' id='word_1_228' title='bbox 1238 3587 1530 3672; x_wconf 87' lang='lat' dir='ltr'><strong>derelinquendum</strong></span> <span class='ocrx_word' id='word_1_229' title='bbox 1552 3587 1731 3671; x_wconf 76' lang='lat' dir='ltr'><strong>placuerit.</strong></span> 
     </span>
     <span class='ocr_line' id='line_1_26' title="bbox 519 3686 1815 3781; baseline 0.002 -31"><span class='ocrx_word' id='word_1_230' title='bbox 519 3686 657 3751; x_wconf 82' lang='lat' dir='ltr'><strong>liberum</strong></span> <span class='ocrx_word' id='word_1_231' title='bbox 672 3706 732 3770; x_wconf 87' lang='lat' dir='ltr'><strong>per</strong></span> <span class='ocrx_word' id='word_1_232' title='bbox 745 3687 855 3751; x_wconf 85' lang='lat' dir='ltr'><strong>omnia</strong></span> <span class='ocrx_word' id='word_1_233' title='bbox 868 3687 989 3751; x_wconf 82' lang='lat' dir='ltr'><strong>babeat</strong></span> <span class='ocrx_word' id='word_1_234' title='bbox 1001 3693 1164 3772; x_wconf 72' lang='lat' dir='ltr'><strong>postulem</strong></span> <span class='ocrx_word' id='word_1_235' title='bbox 1177 3735 1187 3751; x_wconf 87' lang='lat'><strong>.</strong></span> <span class='ocrx_word' id='word_1_236' title='bbox 1810 3774 1815 3781; x_wconf 28' lang='grc' dir='ltr'>Ι</span> 
     </span>
    </p>

    <p class='ocr_par' dir='ltr' id='par_1_10' title="bbox 519 3784 1737 4467">
     <span class='ocr_line' id='line_1_27' title="bbox 564 3784 1734 3869; baseline 0.001 -20"><span class='ocrx_word' id='word_1_237' title='bbox 564 3785 645 3849; x_wconf 88' lang='lat' dir='ltr'><strong>Istis</strong></span> <span class='ocrx_word' id='word_1_238' title='bbox 659 3785 840 3850; x_wconf 86' lang='lat' dir='ltr'><strong>notissimis</strong></span> <span class='ocrx_word' id='word_1_239' title='bbox 855 3785 1050 3850; x_wconf 86' lang='lat' dir='ltr'><strong>terminibus</strong></span> <span class='ocrx_word' id='word_1_240' title='bbox 1065 3784 1306 3851; x_wconf 84' lang='lat' dir='ltr'><strong>circumcinctis</strong></span> <span class='ocrx_word' id='word_1_241' title='bbox 1320 3785 1364 3849; x_wconf 87' lang='lat' dir='ltr'><strong>ab</strong></span> <span class='ocrx_word' id='word_1_242' title='bbox 1382 3784 1506 3849; x_wconf 83' lang='lat' dir='ltr'><strong>oriente</strong></span> <span class='ocrx_word' id='word_1_243' title='bbox 1525 3784 1734 3869; x_wconf 70' lang='lat' dir='ltr'><strong>talinguueg.</strong></span> 
     </span>
     <span class='ocr_line' id='line_1_28' title="bbox 520 3883 1736 3985; baseline 0 -37"><span class='ocrx_word' id='word_1_244' title='bbox 520 3883 541 3948; x_wconf 72' lang='lat' dir='ltr'><strong>a</strong></span> <span class='ocrx_word' id='word_1_245' title='bbox 562 3883 699 3949; x_wconf 89' lang='lat' dir='ltr'><strong>meridie</strong></span> <span class='ocrx_word' id='word_1_246' title='bbox 720 3883 885 3969; x_wconf 71' lang='lat' dir='ltr'><strong>helgarda</strong></span> <span class='ocrx_word' id='word_1_247' title='bbox 906 3885 948 3949; x_wconf 87' lang='lat' dir='ltr'><strong>ab</strong></span> <span class='ocrx_word' id='word_1_248' title='bbox 969 3885 1137 3950; x_wconf 83' lang='lat' dir='ltr'><strong>occidente</strong></span> <span class='ocrx_word' id='word_1_249' title='bbox 1160 3905 1305 3969; x_wconf 86' lang='lat' dir='ltr'><strong>cornuug</strong></span> <span class='ocrx_word' id='word_1_250' title='bbox 1323 3885 1373 3985; x_wconf 67' lang='lat' dir='ltr'><strong>⁸ab</strong></span> <span class='ocrx_word' id='word_1_251' title='bbox 1395 3883 1548 3970; x_wconf 84' lang='lat' dir='ltr'><strong>aquilone</strong></span> <span class='ocrx_word' id='word_1_252' title='bbox 1561 3885 1736 3950; x_wconf 77' lang='lat' dir='ltr'><strong>uorbhom·</strong></span> 
     </span>
     <span class='ocr_line' id='line_1_29' title="bbox 519 4002 608 4048; baseline 0 0"><span class='ocrx_word' id='word_1_253' title='bbox 519 4002 608 4048; x_wconf 86' lang='lat' dir='ltr'><strong>nus.</strong></span> 
     </span>
     <span class='ocr_line' id='line_1_30' title="bbox 565 4079 1736 4167; baseline 0.003 -23"><span class='ocrx_word' id='word_1_254' title='bbox 565 4080 664 4146; x_wconf 80' lang='lat' dir='ltr'><strong>Hanc</strong></span> <span class='ocrx_word' id='word_1_255' title='bbox 679 4079 816 4146; x_wconf 87' lang='lat' dir='ltr'><strong>eandem</strong></span> <span class='ocrx_word' id='word_1_256' title='bbox 841 4080 1050 4147; x_wconf 82' lang='lat' dir='ltr'><strong>donationem</strong></span> <span class='ocrx_word' id='word_1_257' title='bbox 1070 4079 1176 4147; x_wconf 82' lang='lat' dir='ltr'><strong>mear&#39;n</strong></span> <span class='ocrx_word' id='word_1_258' title='bbox 1199 4081 1296 4165; x_wconf 82' lang='lat' dir='ltr'><strong>cujus</strong></span> <span class='ocrx_word' id='word_1_259' title='bbox 1317 4081 1551 4167; x_wconf 85' lang='lat' dir='ltr'><strong>suprascripsi</strong></span> <span class='ocrx_word' id='word_1_260' title='bbox 1574 4081 1672 4166; x_wconf 76' lang='lat' dir='ltr'><strong>agelli</strong></span> <span class='ocrx_word' id='word_1_261' title='bbox 1694 4081 1736 4147; x_wconf 84' lang='lat' dir='ltr'><strong>ab</strong></span> 
     </span>
     <span class='ocr_line' id='line_1_31' title="bbox 521 4182 1736 4269; baseline 0.003 -23"><span class='ocrx_word' id='word_1_262' title='bbox 521 4183 675 4247; x_wconf 86' lang='lat' dir='ltr'><strong>omnibus</strong></span> <span class='ocrx_word' id='word_1_263' title='bbox 694 4182 889 4247; x_wconf 82' lang='lat' dir='ltr'><strong>secularium</strong></span> <span class='ocrx_word' id='word_1_264' title='bbox 911 4184 1141 4249; x_wconf 84' lang='lat' dir='ltr'><strong>difficultatum</strong></span> <span class='ocrx_word' id='word_1_265' title='bbox 1164 4185 1306 4250; x_wconf 88' lang='lat' dir='ltr'><strong>servitiis</strong></span> <span class='ocrx_word' id='word_1_266' title='bbox 1331 4184 1476 4248; x_wconf 84' lang='lat' dir='ltr'><strong>liberabo</strong></span> <span class='ocrx_word' id='word_1_267' title='bbox 1499 4183 1561 4250; x_wconf 91' lang='lat' dir='ltr'><strong>hoc</strong></span> <span class='ocrx_word' id='word_1_268' title='bbox 1585 4185 1736 4269; x_wconf 86' lang='lat' dir='ltr'><strong>idemque</strong></span> 
     </span>
     <span class='ocr_line' id='line_1_32' title="bbox 521 4285 1737 4371; baseline 0.002 -22"><span class='ocrx_word' id='word_1_269' title='bbox 521 4285 676 4350; x_wconf 88' lang='lat' dir='ltr'><strong>omnibus</strong></span> <span class='ocrx_word' id='word_1_270' title='bbox 695 4286 934 4351; x_wconf 87' lang='lat' dir='ltr'><strong>successoribus</strong></span> <span class='ocrx_word' id='word_1_271' title='bbox 958 4288 1041 4351; x_wconf 87' lang='lat' dir='ltr'><strong>mois</strong></span> <span class='ocrx_word' id='word_1_272' title='bbox 1066 4288 1102 4352; x_wconf 90' lang='lat' dir='ltr'><strong>in</strong></span> <span class='ocrx_word' id='word_1_273' title='bbox 1126 4287 1258 4351; x_wconf 88' lang='lat' dir='ltr'><strong>nomine</strong></span> <span class='ocrx_word' id='word_1_274' title='bbox 1281 4286 1514 4371; x_wconf 83' lang='lat' dir='ltr'><strong>omnipotentis</strong></span> <span class='ocrx_word' id='word_1_275' title='bbox 1540 4286 1604 4352; x_wconf 91' lang='lat' dir='ltr'><strong>Dei</strong></span> <span class='ocrx_word' id='word_1_276' title='bbox 1629 4287 1737 4352; x_wconf 82' lang='lat' dir='ltr'><strong>obser·</strong></span> 
     </span>
     <span class='ocr_line' id='line_1_33' title="bbox 520 4383 848 4467; baseline 0.012 -22"><span class='ocrx_word' id='word_1_277' title='bbox 520 4384 667 4448; x_wconf 85' lang='lat' dir='ltr'><strong>vandum</strong></span> <span class='ocrx_word' id='word_1_278' title='bbox 681 4383 826 4467; x_wconf 89' lang='lat' dir='ltr'><strong>precipio</strong></span> <span class='ocrx_word' id='word_1_279' title='bbox 840 4434 848 4449; x_wconf 90' lang='lat'><strong>.</strong></span> 
     </span>
    </p>

    <p class='ocr_par' dir='ltr' id='par_1_11' title="bbox 521 4481 1739 4665">
     <span class='ocr_line' id='line_1_34' title="bbox 566 4481 1739 4567; baseline 0.003 -22"><span class='ocrx_word' id='word_1_280' title='bbox 566 4482 602 4546; x_wconf 89' lang='lat' dir='ltr'><strong>Si</strong></span> <span class='ocrx_word' id='word_1_281' title='bbox 624 4489 736 4546; x_wconf 82' lang='lat' dir='ltr'><strong>autem</strong></span> <span class='ocrx_word' id='word_1_282' title='bbox 759 4482 848 4566; x_wconf 86' lang='lat' dir='ltr'><strong>quod</strong></span> <span class='ocrx_word' id='word_1_283' title='bbox 870 4503 936 4546; x_wconf 92' lang='lat' dir='ltr'><strong>non</strong></span> <span class='ocrx_word' id='word_1_284' title='bbox 960 4488 1112 4566; x_wconf 83' lang='lat' dir='ltr'><strong>optamus</strong></span> <span class='ocrx_word' id='word_1_285' title='bbox 1135 4482 1274 4566; x_wconf 89' lang='lat' dir='ltr'><strong>alicujus</strong></span> <span class='ocrx_word' id='word_1_286' title='bbox 1297 4503 1435 4567; x_wconf 86' lang='lat' dir='ltr'><strong>persone</strong></span> <span class='ocrx_word' id='word_1_287' title='bbox 1457 4481 1555 4548; x_wconf 91' lang='lat' dir='ltr'><strong>bomo</strong></span> <span class='ocrx_word' id='word_1_288' title='bbox 1578 4482 1739 4550; x_wconf 81' lang='lat' dir='ltr'><strong>diabolico</strong></span> 
     </span>
     <span class='ocr_line' id='line_1_35' title="bbox 521 4580 1737 4665; baseline 0.001 -20"><span class='ocrx_word' id='word_1_289' title='bbox 521 4580 709 4645; x_wconf 79' lang='lat' dir='ltr'><strong>temeritate</strong></span> <span class='ocrx_word' id='word_1_290' title='bbox 730 4580 905 4665; x_wconf 80' lang='lat' dir='ltr'><strong>instigatus</strong></span> <span class='ocrx_word' id='word_1_291' title='bbox 920 4582 1120 4646; x_wconf 78' lang='lat' dir='ltr'><strong>surrexerit.</strong></span> <span class='ocrx_word' id='word_1_292' title='bbox 1136 4582 1194 4665; x_wconf 85' lang='lat' dir='ltr'><strong>qui</strong></span> <span class='ocrx_word' id='word_1_293' title='bbox 1208 4581 1294 4645; x_wconf 88' lang='lat' dir='ltr'><strong>banc</strong></span> <span class='ocrx_word' id='word_1_294' title='bbox 1311 4588 1457 4645; x_wconf 80' lang='lat' dir='ltr'><strong>nostram</strong></span> <span class='ocrx_word' id='word_1_295' title='bbox 1479 4581 1737 4647; x_wconf 84' lang='lat' dir='ltr'><strong>munificentiam</strong></span> 
     </span>
    </p>
   </div>
   <div class='ocr_carea' id='block_1_8' title="bbox 452 4735 1739 5039">
    <p class='ocr_par' dir='ltr' id='par_1_12' title="bbox 452 4735 1738 4808">
     <span class='ocr_line' id='line_1_36' title="bbox 452 4735 1738 4808; baseline 0 -20"><span class='ocrx_word' id='word_1_296' title='bbox 452 4804 453 4808; x_wconf 10' lang='grc' dir='ltr'><strong>Ἰ</strong></span> <span class='ocrx_word' id='word_1_297' title='bbox 570 4736 581 4770; x_wconf 87' lang='lat'>¹</span> <span class='ocrx_word' id='word_1_298' title='bbox 596 4735 769 4803; x_wconf 53' lang='lat' dir='ltr'><strong>[Iiijllioeson</strong></span> <span class='ocrx_word' id='word_1_299' title='bbox 788 4737 953 4804; x_wconf 59' lang='grc' dir='ltr'><strong>[Ῑῇιώεοοτ</strong></span> <span class='ocrx_word' id='word_1_300' title='bbox 972 4777 980 4790; x_wconf 87' lang='grc'><strong>.</strong></span> <span class='ocrx_word' id='word_1_301' title='bbox 999 4773 1006 4787; x_wconf 88' lang='grc'><strong>.</strong></span> <span class='ocrx_word' id='word_1_302' title='bbox 1023 4776 1030 4806; x_wconf 68' lang='grc'>,</span> <span class='ocrx_word' id='word_1_303' title='bbox 1048 4744 1096 4802; x_wconf 76' lang='lat' dir='ltr'><strong>ert,</strong></span> <span class='ocrx_word' id='word_1_304' title='bbox 1113 4756 1147 4789; x_wconf 89' lang='lat' dir='ltr'><strong>on</strong></span> <span class='ocrx_word' id='word_1_305' title='bbox 1167 4745 1243 4789; x_wconf 74' lang='lat' dir='ltr'><strong>outer</strong></span> <span class='ocrx_word' id='word_1_306' title='bbox 1261 4740 1362 4804; x_wconf 70' lang='lat' dir='ltr'><strong>margin</strong></span> <span class='ocrx_word' id='word_1_307' title='bbox 1380 4741 1410 4789; x_wconf 79' lang='lat' dir='ltr'><strong>ol</strong></span> <span class='ocrx_word' id='word_1_308' title='bbox 1426 4738 1473 4790; x_wconf 80' lang='lat' dir='ltr'><strong>the</strong></span> <span class='ocrx_word' id='word_1_309' title='bbox 1490 4740 1554 4798; x_wconf 70' lang='lat' dir='ltr'><strong>HS„</strong></span> <span class='ocrx_word' id='word_1_310' title='bbox 1572 4755 1630 4790; x_wconf 72' lang='lat' dir='ltr'><strong>now</strong></span> <span class='ocrx_word' id='word_1_311' title='bbox 1651 4741 1738 4806; x_wconf 73' lang='lat' dir='ltr'><strong>purtly</strong></span> 
     </span>
    </p>

    <p class='ocr_par' dir='ltr' id='par_1_13' title="bbox 519 4815 1739 5039">
     <span class='ocr_line' id='line_1_37' title="bbox 519 4815 1736 4882; baseline 0.006 -18"><span class='ocrx_word' id='word_1_312' title='bbox 519 4815 651 4880; x_wconf 78' lang='lat' dir='ltr'><strong>ploughed</strong></span> <span class='ocrx_word' id='word_1_313' title='bbox 667 4831 741 4879; x_wconf 72' lang='lat' dir='ltr'><strong>away</strong></span> <span class='ocrx_word' id='word_1_314' title='bbox 756 4816 793 4879; x_wconf 79' lang='lat' dir='ltr'><strong>by</strong></span> <span class='ocrx_word' id='word_1_315' title='bbox 810 4816 856 4865; x_wconf 83' lang='lat' dir='ltr'><strong>the</strong></span> <span class='ocrx_word' id='word_1_316' title='bbox 872 4816 972 4866; x_wconf 79' lang='lat' dir='ltr'><strong>binder.</strong></span> <span class='ocrx_word' id='word_1_317' title='bbox 1007 4815 1048 4880; x_wconf 67' lang='lat' dir='ltr'><strong>ty.</strong></span> <span class='ocrx_word' id='word_1_318' title='bbox 1061 4817 1076 4842; x_wconf 85' lang='lat'><strong>‘⁴</strong></span> <span class='ocrx_word' id='word_1_319' title='bbox 1085 4815 1236 4866; x_wconf 77' lang='lat' dir='ltr'><strong>Lincbesoro</strong></span> <span class='ocrx_word' id='word_1_320' title='bbox 1247 4853 1254 4868; x_wconf 92' lang='lat'><strong>.</strong></span> <span class='ocrx_word' id='word_1_321' title='bbox 1266 4816 1346 4867; x_wconf 73' lang='lat' dir='ltr'><strong>Curta</strong></span> <span class='ocrx_word' id='word_1_322' title='bbox 1361 4818 1488 4882; x_wconf 79' lang='lat' dir='ltr'><strong>ejusdem.</strong></span> <span class='ocrx_word' id='word_1_323' title='bbox 1498 4829 1551 4869; x_wconf 60' lang='lat' dir='ltr'><strong>un.</strong></span> <span class='ocrx_word' id='word_1_324' title='bbox 1563 4819 1637 4882; x_wconf 61' lang='grc' dir='ltr'><strong>ΒΨ,</strong></span> <span class='ocrx_word' id='word_1_325' title='bbox 1648 4819 1676 4869; x_wconf 85' lang='lat' dir='ltr'><strong>in</strong></span> <span class='ocrx_word' id='word_1_326' title='bbox 1689 4818 1736 4871; x_wconf 75' lang='lat' dir='ltr'><strong>ss.</strong></span> 
     </span>
     <span class='ocr_line' id='line_1_38' title="bbox 519 4892 1739 4961; baseline 0.004 -18"><span class='ocrx_word' id='word_1_327' title='bbox 519 4892 647 4954; x_wconf 60' lang='lat' dir='ltr'><strong>mma,</strong></span> <span class='ocrx_word' id='word_1_328' title='bbox 658 4893 698 4944; x_wconf 82' lang='lat' dir='ltr'><strong>od.</strong></span> <span class='ocrx_word' id='word_1_329' title='bbox 711 4893 849 4943; x_wconf 65' lang='lat' dir='ltr'><strong>Hadrian</strong></span> <span class='ocrx_word' id='word_1_330' title='bbox 862 4894 944 4954; x_wconf 80' lang='lat' dir='ltr'><strong>(Rolls</strong></span> <span class='ocrx_word' id='word_1_331' title='bbox 956 4893 1031 4956; x_wconf 72' lang='lat' dir='ltr'><strong>Sec),</strong></span> <span class='ocrx_word' id='word_1_332' title='bbox 1044 4909 1070 4958; x_wconf 76' lang='lat' dir='ltr'><strong>p-</strong></span> <span class='ocrx_word' id='word_1_333' title='bbox 1082 4895 1121 4945; x_wconf 75' lang='lat'><strong>15.</strong></span> <span class='ocrx_word' id='word_1_334' title='bbox 1155 4893 1204 4945; x_wconf 77' lang='lat' dir='ltr'><strong>Tb.</strong></span> <span class='ocrx_word' id='word_1_335' title='bbox 1218 4893 1340 4946; x_wconf 77' lang='lat' dir='ltr'><strong>Elmlrm</strong></span> <span class='ocrx_word' id='word_1_336' title='bbox 1349 4896 1422 4961; x_wconf 77' lang='lat' dir='ltr'><strong>givos</strong></span> <span class='ocrx_word' id='word_1_337' title='bbox 1432 4901 1462 4947; x_wconf 85' lang='lat' dir='ltr'><strong>to</strong></span> <span class='ocrx_word' id='word_1_338' title='bbox 1472 4894 1601 4959; x_wconf 67' lang='lat' dir='ltr'><strong>wintere,</strong></span> <span class='ocrx_word' id='word_1_339' title='bbox 1611 4895 1700 4948; x_wconf 72' lang='lat' dir='ltr'><strong>sobet</strong></span> <span class='ocrx_word' id='word_1_340' title='bbox 1709 4894 1739 4948; x_wconf 67' lang='lat' dir='ltr'>d</span> 
     </span>
     <span class='ocr_line' id='line_1_39' title="bbox 519 4968 1253 5039; baseline 0.008 -20"><span class='ocrx_word' id='word_1_341' title='bbox 519 4969 560 5019; x_wconf 68' lang='lat' dir='ltr'><strong>St</strong></span> <span class='ocrx_word' id='word_1_342' title='bbox 571 4968 748 5034; x_wconf 64' lang='lat' dir='ltr'><strong>lugu-aneu.</strong></span> <span class='ocrx_word' id='word_1_343' title='bbox 759 4970 805 5021; x_wconf 79' lang='lat' dir='ltr'><strong>tho</strong></span> <span class='ocrx_word' id='word_1_344' title='bbox 816 4971 878 5022; x_wconf 75' lang='lat' dir='ltr'><strong>‹lnte</strong></span> <span class='ocrx_word' id='word_1_345' title='bbox 888 4972 917 5021; x_wconf 81' lang='lat' dir='ltr'><strong>oi</strong></span> <span class='ocrx_word' id='word_1_346' title='bbox 926 4984 980 5023; x_wconf 63' lang='lat' dir='ltr'><strong>un.</strong></span> <span class='ocrx_word' id='word_1_347' title='bbox 992 4974 1111 5036; x_wconf 74' lang='grc' dir='ltr'><strong>863·Βὸ6,</strong></span> <span class='ocrx_word' id='word_1_348' title='bbox 1122 4971 1165 5034; x_wconf 71' lang='grc' dir='ltr'><strong>ὥ..</strong></span> <span class='ocrx_word' id='word_1_349' title='bbox 1174 4988 1200 5039; x_wconf 79' lang='lat' dir='ltr'><strong>p.</strong></span> <span class='ocrx_word' id='word_1_350' title='bbox 1212 4974 1253 5025; x_wconf 68' lang='lat' dir='ltr'><strong>ld.</strong></span> 
     </span>
    </p>
   </div>
   <div class='ocr_carea' id='block_1_9' title="bbox 0 0 1913 5498">
    <p class='ocr_par' dir='ltr' id='par_1_14' title="bbox 0 0 1913 5498">
     <span class='ocr_line' id='line_1_40' title="bbox 0 0 1913 5498; baseline 0 0"><span class='ocrx_word' id='word_1_351' title='bbox 0 0 1913 5498; x_wconf 95' lang='lat' dir='ltr'><strong> </strong></span> 
     </span>
    </p>
   </div>
  </div>
 </body>
</html>
