3788 5498
393 504 443 571 ais·
742 525 826 575 erra
847 526 889 575 ro
910 483 958 576 sr.
973 508 1114 573 amaus
1136 522 1253 606 annm.
1436 506 1515 591 [un.
1530 520 1605 588 795.

396 679 533 744 fideliter
555 677 703 743 oblatum
723 681 764 744 ad
785 683 963 747 utilitatem
986 682 1134 764 ejusdem
1156 680 1291 745 ecclesie
1313 678 1495 744 secundum
1516 677 1604 761 quod

396 778 495 842 abbas
535 778 714 842 decreverit
739 779 973 846 inviolabiliter
1002 779 1209 863 expendatur
1239 828 1248 843 .
1282 777 1326 841 Ec
1357 777 1386 843 si
1416 777 1500 841 sorte
1531 776 1605 860 quis

396 877 483 940 intra
513 876 658 958 ejusdem
693 879 826 944 ecclesie
858 884 1055 964 potestatem
1084 926 1093 943 .
1123 885 1183 942 aut
1213 880 1305 940 extra
1342 895 1416 941 cum
1454 875 1606 959 episcopo

396 999 452 1043 seu
482 978 597 1042 abbate
628 980 809 1045 conuuunis
837 982 1025 1046 inveniatur
1059 1030 1067 1045 .
1098 979 1186 1043 bello
1215 1028 1223 1043 .
1253 978 1341 1042 furth
1378 1027 1386 1043 .
1417 978 1471 1042 vel
1503 977 1604 1042 iorni·

396 1076 524 1140 cacione
553 1127 561 1142 .
591 1085 649 1141 aut
679 1077 744 1142 alio
776 1079 923 1162 quolibet
948 1078 1050 1144 simili
1079 1087 1175 1142 reatu
1197 1077 1381 1141 astrictus!
1409 1096 1538 1159 semper
1567 1094 1607 1140 ea

395 1196 470 1259 pars
493 1196 576 1258 pene
600 1184 634 1240 et
657 1178 895 1243 emendacionis
914 1200 979 1262 que
1002 1177 1069 1262 regi
1095 1227 1103 1242 .
1129 1176 1280 1260 episcope
1302 1224 1310 1240 .
1333 1175 1445 1240 comiti
1469 1173 1609 1238 debetur

396 1273 437 1336 ad
462 1273 549 1337 beati
575 1274 695 1338 Albam
711 1277 942 1341 monasterium
966 1275 1126 1340 inuiolata
1149 1295 1276 1357 semper
1297 1273 1405 1338 sedere
1428 1272 1607 1338 reddetur.

398 1370 500 1435 Credo
515 1371 635 1454 enim]
652 1374 809 1438 ueraciter
822 1374 948 1439 confido
963 1426 971 1439 .
987 1374 1075 1458 quod
1088 1372 1152 1438 hec
1175 1371 1402 1436 munificencia
1415 1392 1482 1436 non
1502 1370 1608 1435 solum

396 1469 477 1532 mihi
503 1463 671 1553 meisque.
687 1478 738 1535 set
762 1472 864 1536 eciam
889 1472 1051 1537 tuairersis
1074 1470 1258 1555 Auglorum
1280 1470 1410 1554 populis
1431 1469 1607 1535 sullimiter

397 1568 519 1651 profert
534 1619 541 1631 .
557 1569 635 1651 quia
649 1590 709 1651 pro
724 1570 795 1652 ejus
809 1592 916 1635 amere
928 1571 985 1636 ille
1000 1569 1095 1635 miles
1110 1568 1294 1652 intrepidus
1310 1568 1430 1632 meruit
1444 1568 1609 1634 coronari.

397 1665 453 1749 qui
469 1666 572 1729 tocius
588 1666 702 1729 mundi
718 1668 862 1749 pericula
877 1688 991 1752 passus
1007 1678 1057 1732 est
1073 1688 1134 1732 suo
1148 1666 1307 1750 sanguine
1322 1666 1453 1749 expiare
1469 1716 1478 1731 .

442 1763 477 1826 Si
499 1772 609 1828 autem
636 1764 726 1847 quod
745 1767 830 1831 absit
850 1767 978 1849 uspiam
1004 1766 1079 1850 quis
1102 1765 1264 1829 larvarica
1282 1772 1426 1828 attactus
1448 1763 1609 1829 instinctu

400 1868 508 1926 mente
523 1862 663 1926 subdola·
680 1863 740 1927 hec
760 1864 965 1930 machinatus
985 1865 1086 1929 suerit
1100 1863 1274 1927 annullare
1291 1914 1298 1929 .
1314 1862 1367 1926 vel
1389 1862 1559 1946 quippiam
1573 1862 1610 1927 in

398 1960 491 2043 penis
505 1980 604 2043 quam
627 1963 857 2027 constituimus
871 1971 1090 2028 transvertere
1106 1967 1115 2022 Ξ
1130 1983 1190 2026 sua
1206 1983 1263 2046 per
1284 1961 1422 2026 audacia
1442 1982 1462 2025 a
1484 1969 1560 2026 cetu
1573 1962 1609 2027 iu

398 2060 459 2124 hac
474 2061 543 2124 rita
563 2062 858 2127 anathematizetur
880 2063 1026 2128 fidelium
1050 2113 1058 2127 .
1083 2084 1104 2145 Ἰ
1127 2063 1163 2126 in
1179 2062 1349 2127 tremendo
1372 2061 1436 2127 Dei
1456 2063 1607 2129 examine

398 2160 580 2223 astantibus
595 2160 739 2224 celorum
755 2162 937 2245 agminibus
952 2162 1191 2245 hominumque
1217 2160 1357 2225 turmis}
1374 2181 1477 2226 necne
1494 2181 1514 2244 3
1534 2162 1610 2226 hor·

399 2258 507 2322 rendis
536 2258 646 2322 herebi
679 2261 824 2323 vermilis
848 2311 856 2324 .
883 2261 991 2344 palam
1024 2260 1154 2324 cunctis
1179 2258 1353 2323 damnetur
1382 2278 1457 2322 cum
1478 2258 1575 2325 hedis
1601 2311 1609 2327 .

399 2356 521 2419 Averni
540 2356 760 2420 cruciamenta
781 2358 851 2422 sine
866 2359 931 2423 fine
951 2359 1098 2422 luiturus
1117 2361 1127 2417 Ξ
1149 2358 1186 2421 ni
1208 2365 1285 2421 ante
1306 2357 1433 2421 obitum
1448 2358 1608 2443 condigne

400 2454 644 2519 emendaverit.

446 2555 486 2635 ›1‹
509 2552 581 2617 Hec
601 2559 679 2616 sunt
694 2554 827 2617 nomina
843 2556 978 2619 testium
992 2554 1053 2638 qui
1072 2553 1159 2619 hanc
1179 2552 1392 2619 donacionem
1406 2574 1514 2621 meum
1535 2575 1611 2644 con·

401 2652 581 2717 sancientes
596 2652 688 2736 siguo
702 2653 808 2718 crucis
823 2653 946 2718 Christi
961 2652 1194 2717 confirmarent
1209 2700 1219 2718 .

532 2781 572 2859 ›1‹
595 2778 663 2862 Ego
679 2779 753 2843 Olla
768 2800 825 2844 rex
839 2779 917 2843 huic
928 2778 1100 2843 donacioni
1115 2797 1189 2842 mee
1204 2776 1334 2860 siguum
1345 2766 1450 2843 crucis
1459 2778 1612 2863 impono.

533 2879 572 2957 ἦα
596 2877 664 2960 Ego
687 2877 858 2961 Feglridus
883 2887 1018 2963 paterne
1049 2876 1278 2941 munificencia
1302 2878 1511 2943 consenciens
1534 2880 1611 2946 sub-

664 2994 804 3058 scnpsr.

536 3079 577 3157 ᾧ
600 3076 668 3156 Ego
683 3076 846 3160 Higberht
859 3076 1121 3160 archiepiscopus
1135 3076 1316 3160 consensi]
1331 3077 1527 3164 subscripsi.

537 3177 577 3255 ›1‹
599 3174 668 3258 Ego
683 3174 835 3240 ceoluulf
849 3175 1021 3258 episcopus
1034 3175 1211 3240 consensi.

536 3273 576 3350 ›1‹
600 3272 669 3355 Ego
684 3272 872 3336 Heathored
886 3273 1059 3357 episcopus
1073 3273 1244 3340 consensi.

535 3372 576 3449 »1⁴
599 3371 668 3453 Ego
684 3371 849 3435 Uuuuona
864 3371 1226 3456 episcopus'censcnsi.

536 3472 577 3549 »1⁴
601 3469 739 3552 Sigmun
753 3490 869 3534 manus
884 3469 1068 3534 Alhmundi
1082 3470 1237 3537 abbatis.

537 3570 577 3647 >1⁴
601 3568 738 3651 Signum
753 3567 931 3653 Vigmundi
947 3568 1085 3633 abbatis

537 3672 578 3750 ᾧ
601 3670 738 3754 Signum
753 3670 898 3735 Brerdan
912 3721 920 3735 .
935 3670 1091 3756 patricii.

536 3770 577 3848 ᾧ
601 3768 738 3852 Signum
754 3769 895 3852 Bynnau
908 3819 917 3834 .
931 3768 1117 3854 principis.

536 3868 577 3946 ᾧ
602 3867 738 3950 Signum
754 3867 909 3932 AEsuuini
922 3865 1043 3933 ducis.

538 3968 579 4045 »1⁴
602 3965 741 4049 Signum
754 3966 939 4031 Alhmundi
950 3965 1045 4031 ducis
1059 4014 1069 4032 .

538 4067 579 4145 ’1⁴
602 4063 739 4147 Signum
755 4062 948 4150 Vigberhti.
965 4064 1083 4130 ducis.

537 4162 578 4240 ᾖ
603 4160 741 4244 Signum
755 4160 983 4227 AEthelmundi
997 4212 1006 4229 .
1021 4160 1141 4228 ducis.

538 4261 579 4339 ᾧ
604 4258 742 4342 Signum
755 4258 1050 4344 Eadgari.ducis.
1130 4316 1136 4325 .

540 4359 582 4439 »Β
604 4356 741 4439 Signum
756 4356 974 4423 Eardberthi.
990 4358 1109 4425 ducis.

540 4456 581 4536 ›1‹
605 4454 743 4539 Signum
759 4455 937 4521 Balmundi
950 4506 959 4520 .
974 4455 1096 4526 ducis.

539 4555 580 4633 ’1⁴
605 4552 742 4637 Signum
758 4554 981 4620 cuthberthi.
996 4554 1118 4623 ducis.

467 4690 470 4695 -
541 4654 582 4734 ›1‹
605 4651 742 4735 Signum
756 4652 1098 4737 munnebach.

542 4751 584 4831 »Β
609 4749 748 4835 Signum
762 4750 960 4819 Valthoerdi
976 4802 986 4819 .
1000 4751 1117 4820 ducis.
1242 4756 1248 4765 ’
