3788 5498
483 642 547 710 570
843 660 1007 710 rmnrnnn
1028 661 1071 710 ro
1093 658 1320 711 carmanum.
1515 642 1596 729 [an.
1611 644 1686 726 94⁶·

527 815 597 879 Nos
613 800 675 879 Dei
690 817 791 900 gratia
806 817 909 902 Reges
923 816 1036 882 fideles
1050 818 1217 884 reddimus
1235 817 1369 883 tellures
1390 817 1451 882 has
1465 837 1547 901 quas
1561 815 1686 900 praede·

484 934 622 978 cessores
651 915 751 978 nostri
779 935 798 978 a
828 914 981 979 fratribus
1004 914 1191 1000 Christique
1217 915 1363 981 ecclesie¹
1386 914 1501 980 servis²
1523 913 1686 978 retrahere

361 1024 363 1028 ‘
484 1012 716 1076 consuerunu.
739 1014 783 1076 Et
804 1034 890 1076 nuuc
911 1014 1016 1097 gratia
1037 1011 1161 1076 domini
1185 1016 1287 1079 nostri
1309 1015 1415 1080 Jhesu
1438 1012 1686 1078 Christi.Ean·

485 1128 625 1177 stannus
640 1114 708 1179 Rex
724 1115 874 1180 videlicet
887 1117 940 1179 ac‘
953 1115 1139 1180 Fadredus.
1156 1137 1310 1200 necnon]
1327 1116 1449 1201 Eadpig
1463 1165 1471 1179 .
1487 1113 1687 1180 subscribere

361 1241 365 1249 ·
484 1209 614 1293 pillulas
630 1222 777 1295 optamus
792 1233 811 1296 3
827 1234 955 1297 semper
969 1214 1004 1276 in
1020 1213 1092 1278 evo‘
1107 1214 1262 1278 iratribus
1277 1214 1496 1279 concessimus
1510 1212 1688 1277 liberaliter

485 1307 526 1372 ad
541 1309 740 1374 induendum
762 1332 893 1395 corpora
908 1313 979 1376 Deo
995 1312 1042 1375 ibi
1057 1312 1272 1377 servientium
1287 1313 1446 1396 quamdiu
1469 1302 1688 1376 christianitas

485 1407 520 1471 in
536 1408 657 1492 templo
678 1417 788 1475 sancto
803 1410 925 1475 Christi
942 1418 1114 1475 teneatur.
1130 1411 1203 1476 Hec
1225 1419 1302 1474 sunt
1324 1411 1457 1474 nomina
1478 1409 1612 1493 antiquo
1626 1427 1690 1471 usu

486 1506 635 1589 imposita
651 1507 772 1572 xillulis
787 1559 794 1572 .
810 1508 1034 1573 anccmrnr
1050 1559 1058 1574 .
1074 1507 1268 1574 Preostatr'm
1289 1560 1296 1573 .
1316 1509 1516 1594 Ealdingtun
1533 1558 1540 1572 .
1556 1506 1689 1593 Speord·

486 1603 618 1689 lingas.
642 1606 834 1692 Vuunglram
856 1659 863 1672 .
887 1608 1047 1673 Grafenea
1073 1658 1081 1672 .
1107 1607 1289 1692 Bosingtun
1316 1655 1323 1669 .
1351 1606 1556 1671 l'lancunrbe
1571 1655 1579 1671 .
1594 1605 1690 1670 Tecr-

486 1704 629 1788 ringas⁶.
675 1706 743 1770 Rex
758 1706 963 1772 Aethelstan⁷
978 1707 1012 1770 in
1033 1706 1168 1771 honore⁸
1187 1706 1308 1771 Christi
1330 1704 1475 1789 predicte
1498 1703 1586 1769 verul
1600 1702 1692 1768 dedit

487 1803 642 1869 ecclesie.
1750 1806 1753 1814 ’

531 1903 565 1966 Si
580 1902 655 1986 quis
669 1923 744 1968 uero
756 1903 993 1970 Catholicorum
1009 1913 1067 1969 aut
1081 1925 1195 1988 regum
1210 1912 1268 1968 aut
1282 1904 1507 1989 episcoporum
1521 1952 1529 1966 .
1544 1909 1604 1966 arnt
1617 1922 1690 1986 pre·

488 2002 633 2065 fectunm
648 2001 730 2079 ,hoc
752 2002 917 2068 decretum
937 2024 1054 2088 augere
1069 2003 1228 2068 voluerit!
1245 2002 1403 2089 adaugeat
1424 2001 1476 2065 illi
1496 2002 1588 2066 Deus
1610 2008 1692 2065 tem·

487 2120 566 2183 pora
574 2100 659 2164 bona
673 2102 707 2164 in
723 2102 839 2166 saeculo
851 2152 858 2166 .
871 2123 890 2184 3
902 2103 1006 2166 vitam
1020 2109 1164 2167 eternam
1175 2101 1210 2164 in
1221 2102 1331 2166 futuro
1345 2151 1352 2164 .
1399 2100 1435 2164 Si
1445 2121 1521 2164 vero
1530 2098 1693 2184 quispiam

488 2203 635 2267 minuere
650 2209 707 2266 aut
722 2203 841 2268 molare
857 2253 865 2279 ‚
880 2211 937 2267 aut
952 2204 1086 2267 omnino
1104 2202 1435 2288 satagit¹⁰inlringerc
1451 2253 1459 2278 ,
1474 2202 1555 2266 sciat
1569 2221 1604 2265 se
1618 2221 1694 2264 cnm

490 2301 668 2384 caiphan]
684 2300 790 2364 Pilato
804 2300 968 2385 simulque
982 2302 1006 2365 J
1007 2300 1071 2364 uda
1087 2301 1242 2365 traditore
1257 2302 1373 2366 misero
1386 2352 1396 2379 ,
1408 2300 1535 2365 inferno
1549 2298 1694 2363 inferiori

489 2399 671 2464 demersum
685 2420 752 2464 esse
769 2451 776 2463 .
790 2400 855 2464 nisi
876 2408 953 2464 ante
975 2401 1046 2484 ejus
1069 2400 1196 2463 obitum
1216 2400 1370 2483 gravibus
1391 2399 1487 2482 penis
1501 2419 1535 2462 se
1550 2398 1697 2482 affligat,

491 2518 510 2581 3
533 2498 631 2583 digna
653 2498 876 2563 satisfaccione
898 2498 1051 2563 emendet
1073 2497 1185 2582 ‚quod
1206 2497 1441 2563 incredibiliter
1462 2497 1563 2582 gessit
1584 2501 1697 2561 contra

492 2605 639 2662 nostrum
653 2596 745 2662 fidele
760 2596 949 2671 decretum.

623 2708 695 2773 Hec
724 2715 774 2773 cst
797 2708 959 2774 concessio
982 2708 1169 2773 Eadmnndi
1196 2708 1293 2795 Regis
1313 2730 1364 2792 .]
1390 2707 1532 2774 Eadredi
1555 2706 1639 2794 regis
1665 2715 1699 2773 et

752 2807 886 2894 Eadpigi
899 2807 998 2892 Regis
1012 2858 1020 2874 .

629 2911 669 2990 »1⁴
690 2906 782 2993 agon
797 2906 1010 2972 Eadmundus
1025 2929 1082 2972 rex
1104 2908 1190 2972 hanc
1205 2908 1414 2973 donationem
1428 2908 1610 2995 largifluam
1623 2928 1700 2973 cum

753 3006 845 3090 signo
859 3014 977 3070 sanctae
993 3006 1097 3071 crucis
1113 3007 1235 3072 Christi
1250 3008 1397 3072 roborari
1412 3055 1423 3074 .

629 3107 669 3186 ›1‹
690 3105 758 3190 Ego
773 3103 937 3168 Eadredns
952 3125 1011 3169 rex
1025 3106 1174 3170 consensi
1189 3114 1224 3171 et
1238 3106 1437 3190 subscripd.

630 3206 670 3285 »1⁴
692 3202 759 3286 Ego
773 3202 906 3286 Eadwig
920 3222 977 3267 rex
992 3204 1140 3268 consensi
1155 3211 1190 3268 et
1205 3204 1404 3288 subscripsi.
1495 3232 1496 3236 ¹

630 3302 670 3381 ›1‹
694 3300 760 3385 Ego
774 3299 996 3365 Wnlfhelmns
1017 3300 1081 3365 Dei
1102 3302 1207 3386 gratis
1228 3302 1488 3387 archiepiscopus
1508 3302 1592 3368 hanc
1612 3304 1702 3389 piam

758 3398 961 3484 largitionem
970 3398 1092 3464 uexillo
1106 3410 1228 3466 sanctae
1243 3402 1348 3466 crucis
1357 3400 1480 3467 Christi
1496 3402 1703 3468 confirmavi.

543 3514 658 3579 Plures
679 3513 776 3579 etiam
798 3513 855 3578 alii
883 3520 952 3578 tam
982 3513 1090 3580 clerici
1119 3536 1219 3600 quarn
1249 3515 1326 3581 laici
1354 3517 1596 3583 consentientes
1626 3518 1703 3584 sub·
1728 3546 1742 3567 ·
1788 3604 1791 3608 ¹

500 3613 719 3698 scripserunt.

501 3790 728 3840 {mmahrnbeth
737 3792 876 3840 mmm
1126 3794 1707 3852 [Klmbmoocvn'mh‘aocccrrtmnm

502 3854 612 3958 [mgis.
621 3854 677 3897 Chr.
685 3854 728 3897 ch.
736 3854 803 3897 mh.
812 3855 966 3909 &aurbum
974 3858 1001 3900 c.
1017 3868 1042 3908 v,
1056 3856 1077 3901 i.

550 4085 613 4150 ¹·a,
625 4086 661 4137 Κ.
725 4088 737 4122 ²
752 4089 970 4153 Senis,omittaed‚
984 4088 1019 4141 K.
1085 4088 1318 4156 'mosomus
1331 4092 1367 4146 K.
1433 4093 1446 4126 ⁴
1460 4095 1660 4160 metm,
1673 4095 1708 4148 K.

501 4171 513 4203 ⁸
529 4171 642 4227 Aenum,
655 4166 689 4219 Κ
758 4168 771 4201 ⁶
786 4172 827 4222 On
838 4171 937 4237 margin
947 4172 976 4221 oi
985 4170 1247 4225 kr-'l'a-icanham.
1260 4175 1420 4228 Prostanna.
1433 4176 1581 4242 Aldingtuu
1592 4214 1600 4229 .
1613 4178 1710 4230 Suo'rd·

502 4251 590 4316 lingo.
601 4250 765 4315 Wuunghm
776 4289 783 4302 .
796 4253 929 4303 Grancuea
939 4288 947 4302 .
958 4253 1104 4317 Boringtun
1114 4291 1121 4304 .
1132 4254 1261 4304 Vlecurnb
1271 4288 1279 4303 .
1288 4255 1414 4320 'I'orring-
1467 4254 1502 4309 K.
1515 4260 1711 4312 radat-Talk-

503 4333 596 4383 enham
612 4366 622 4389 ‚
638 4332 760 4383 Pramus
775 4368 784 4391 ‚
802 4333 926 4400 Enldings
942 4369 950 4391 .
966 4334 1138 4399 Suuerdlingo
1153 4368 1163 4395 ,
1178 4335 1340 4401 Wyngeham
1360 4374 1368 4388 .
1385 4338 1506 4389 Gnaeos
1521 4376 1529 4390 .
1546 4340 1711 4405 Rodumna,

504 4414 645 4465 Ulocumbe
656 4448 665 4471 .
676 4414 825 4479 Terrinsses.
906 4412 1001 4466 ’uero
1012 4414 1132 4478 AElielst,
1146 4413 1183 4466 Κ.
1270 4415 1372 4476 ⁸·rsrn.
1385 4416 1422 4469 K.
1506 4421 1661 4484 'Omitted
1674 4420 1710 4475 Κ.

504 4492 526 4528 ²⁰
541 4495 627 4560 perit,
641 4492 676 4546 Κ.
773 4494 794 4529 ¹¹
810 4496 923 4562 caypnn.
935 4495 971 4548 K.
1070 4495 1092 4531 ¹¹
1106 4498 1190 4549 Thaso
1200 4498 1387 4564 unhaiptlons
1395 4500 1460 4567 only
1470 4502 1500 4553 ln
1512 4501 1547 4554 Β.
1560 4501 1596 4555 Κ.
