3788 5498
326 642 389 693 an.
405 628 495 714 795]
672 646 757 697 erra
776 648 820 696 m
841 648 889 698 sr.
903 632 1045 699 anem
1066 646 1182 697 unum.
1495 624 1532 691 si
1618 656 1622 661 ·

329 817 400 862 rarn
425 848 434 865 .
455 817 527 865 xxx
548 850 557 867 .
579 799 781 868 misnensium
805 805 841 868 in
854 804 936 871 locis
957 825 1096 889 quorum
1117 804 1179 869 sub
1193 803 1380 869 inferuntur
1399 797 1532 865 nemius

329 895 460 963 domiuo
482 921 554 965 meo
575 901 679 967 Jhesu
693 903 824 968 Christo
846 903 889 967 ad
909 904 1081 967 ecclesium
1102 903 1206 968 sancti
1221 902 1363 967 Albani}
1377 899 1436 964 ubi
1455 894 1533 981 ipsi¹

330 996 393 1059 tiro
407 998 531 1079 primus
555 1000 589 1062 in
611 1002 759 1083 passione
782 1002 917 1065 victima
942 1004 1077 1067 effectus
1099 1010 1150 1065 est
1172 1002 1268 1083 §jure
1289 1006 1445 1085 perpetuo
1460 1014 1533 1079 per-

331 1090 481 1158 donabo.
526 1096 637 1181 qude
661 1098 887 1163 delectabilius
916 1101 1001 1165 hanc
1032 1100 1243 1164 donacionem
1266 1098 1400 1183 perlicio
1422 1145 1430 1160 .
1455 1092 1534 1177 quis

332 1212 471 1273 superna
492 1196 651 1276 proteccio
672 1204 739 1259 tam
754 1198 863 1261 nobile
882 1200 1083 1281 temporibus
1104 1198 1223 1261 nostris
1238 1196 1428 1261 thesaurum
1447 1188 1534 1276 quod

333 1288 390 1351 diu
405 1289 469 1352 fuit
484 1290 663 1374 clausum]
679 1293 776 1376 hujus
799 1304 883 1359 terre
899 1297 1061 1380 indigenis
1075 1296 1225 1359 abditum
1238 1294 1381 1359 revelare
1403 1292 1536 1375 dignata

333 1394 410 1449 est.
448 1388 521 1451 Hec
550 1387 659 1471 itaque
683 1401 760 1456 sunt
785 1394 1046 1476 supradictarum
1075 1394 1233 1459 vocabula
1258 1402 1439 1457 terraram.
1476 1387 1537 1453 AEt

336 1483 568 1549 Wineshlauuo
583 1536 590 1550 .
605 1502 655 1551 xit
677 1538 685 1552 .
707 1492 911 1555 manensium
934 1514 1074 1575 quonun
1090 1541 1099 1557 .
1115 1512 1132 1557 s
1149 1541 1157 1557 .
1173 1492 1273 1555 trium
1300 1487 1505 1554 manensium
1524 1534 1534 1552 .

335 1586 484 1669 quorum¹
500 1588 664 1652 tenninati
679 1600 757 1655 sunt
770 1593 862 1656 haec}
879 1594 1092 1658 Suanaburna
1107 1646 1114 1659 .
1132 1595 1303 1657 llertrnere
1318 1588 1535 1673 ‚Etretpeala-

336 1685 431 1749 broc.
455 1685 540 1750 Item
556 1707 631 1751 vero
646 1704 702 1753 .x.
720 1692 926 1755 manenciurn
942 1694 999 1756 ubi
1013 1694 1135 1757 dicitur
1149 1690 1372 1756 Scncmnhlau
1387 1691 1441 1755 rel
1453 1689 1538 1753 Fen·

337 1790 399 1847 tun
413 1787 423 1845 t
438 1805 513 1848 curn
535 1786 702 1871 silvaque
723 1791 970 1871 cognominatur
984 1790 1159 1875 Hor-opuda
1180 1812 1256 1854 ettru
1277 1789 1425 1853 terminis
1446 1786 1539 1852 suis.

338 1882 399 1945 AEt
423 1882 893 1965 Lygtrrne.v².1nanencium
916 1936 923 1949 .
950 1910 1048 1972 (piram
1070 1890 1223 1953 videlicet
1244 1896 1365 1951 terram
1386 1886 1540 1951 Alimun·

339 1981 413 2046 dus¹
428 1982 529 2045 abbas
544 1984 784 2067 expedicionem
800 1986 1039 2069 subterfugiens
1054 1989 1133 2051 mihi
1150 1986 1424 2053 reconciliacionis
1436 1981 1541 2068 gratis

340 2079 439 2143 dabat
463 2130 471 2143 .
509 2080 552 2143 Et
577 2083 729 2164 quoniam
753 2082 823 2165 ipse
845 2096 971 2167 marm
992 2085 1171 2149 alnrilfuus¹
1195 2092 1329 2167 eaput]
1355 2081 1541 2165 exemplum

342 2178 590 2243 christianitatis
605 2182 709 2243 omnis
732 2182 901 2245 Britaunie
924 2183 1146 2249 indubitanter
1167 2184 1306 2247 hahetur
1320 2233 1328 2247 .
1343 2182 1478 2265 (lignium
1491 2188 1543 2243 est

344 2289 380 2341 ut
394 2279 485 2342 locus
500 2279 534 2341 in
550 2300 615 2361 quo
637 2288 784 2344 sauctmu
800 2302 917 2365 coquis
939 2282 1028 2345 illius
1043 2283 1248 2366 requiescit]
1264 2282 1305 2344 ab
1320 2279 1408 2343 omni
1424 2277 1544 2363 populo

342 2384 536 2445 verremturt
553 2383 683 2464 speciali
705 2383 846 2465 quadam
861 2404 880 2465 ]
897 2384 1053 2465 singulari
1067 2384 1227 2467 privilegii
1242 2383 1391 2447 libertate
1406 2402 1465 2465 per
1485 2400 1545 2445 nos

342 2480 543 2544 honoretur.
584 2481 657 2544 Iloc
678 2482 789 2563 ¹igitur
815 2485 1096 2548 consencientibus
1125 2484 1285 2567 episcopis
1310 2489 1345 2546 et
1373 2480 1545 2544 abbatibus
1608 2564 1611 2569 Ι

344 2579 523 2660 ducibus]
546 2580 746 2663 principibus
769 2582 873 2645 ineis.
896 2582 958 2645 suh
984 2583 1189 2646 inroescioue
1211 2590 1323 2645 saincte
1345 2578 1503 2644 trinitatis
1523 2596 1567 2659 1·

345 2678 513 2741 individue
549 2679 686 2742 imitatis
711 2678 861 2741 donando
887 2681 1028 2764 precipio
1058 2689 1095 2744 ut
1124 2680 1260 2745 ecclesia
1292 2678 1396 2743 sancti
1424 2675 1547 2741 Albani

344 2778 515 2860 omnisque
530 2779 689 2861 possessio
703 2799 792 2842 nuuc
806 2787 840 2843 et
854 2780 975 2843 futuris
989 2780 1188 2863 temporibus
1209 2779 1260 2843 illi
1275 2778 1407 2843 subdita
1421 2796 1548 2859 semper

345 2878 389 2939 sit
410 2875 514 2941 libera
535 2879 683 2961 jquieta
705 2880 747 2943 ab
768 2879 858 2943 onrrri
883 2881 1006 2943 tributo
1029 2900 1048 2961 ]
1074 2878 1265 2944 necessitate
1288 2898 1345 2941 seu
1368 2876 1475 2959 regis.
1490 2895 1548 2939 sen

345 2980 489 3065 episcopi
514 3032 522 3047 .
547 2980 639 3045 ducis
662 3032 670 3046 .
693 2983 814 3065 judicis
837 3032 846 3047 .
870 3003 890 3066 Ἰ
917 2994 1162 3064 exactorum]
1179 3002 1313 3065 operum
1335 3030 1344 3043 .
1367 2998 1432 3063 que
1449 2976 1550 3041 indici

346 3081 474 3145 solent.
491 3102 595 3165 neque
610 3084 837 3147 emendacione
860 3094 1019 3165 pontum.
1036 3102 1140 3165 neque
1162 3081 1280 3145 fossam
1296 3078 1467 3141 adeersum
1488 3076 1550 3140 ini·
1635 3074 1638 3078 ’

349 3180 449 3242 inicos
473 3230 481 3245 .
508 3180 687 3243 taciendam
712 3232 719 3245 .
741 3182 861 3245 Totum
887 3202 982 3244 mnne
1012 3181 1137 3263 pretate
1166 3187 1250 3243 terre
1275 3229 1283 3242 .
1307 3175 1551 3260 stipendium]

348 3277 477 3341 exaccio
493 3328 500 3341 .
515 3278 557 3341 ad
573 3279 747 3361 supmdieti
770 3280 921 3361 nrartpris
937 3279 1085 3341 truubam
1100 3277 1317 3341 insolubiliter
1329 3274 1553 3359 persolvatur.

394 3377 509 3440 Statue
531 3378 633 3440 eciam
648 3399 667 3459 ]
683 3379 846 3441 communi
874 3377 1020 3440 tidelimn
1047 3396 1192 3440 sueorum
1215 3396 1350 3439 assensu
1375 3374 1553 3437 confirmo.

350 3485 389 3539 ut
411 3476 554 3558 episcopi
577 3474 629 3539 rel
651 3497 761 3539 eorum
785 3476 926 3537 ministri
950 3474 1074 3537 nullam
1102 3473 1309 3557 aliquatenus
1331 3472 1428 3556 super
1449 3473 1554 3554 ipsum

352 3573 520 3639 ecclesiam
537 3573 589 3636 rel
605 3593 701 3654 super
715 3571 931 3654 parrochiales
946 3570 1097 3635 ecclesias
1111 3572 1217 3635 eidem
1231 3572 1416 3653 quibusque
1430 3577 1555 3653 tempo-

352 3674 443 3736 ribus
458 3670 664 3751 subjacentes
676 3721 683 3733 .
693 3670 754 3731 nisi
766 3669 991 3732 tantunnuodo
1007 3689 1080 3731 curn
1096 3669 1244 3732 ativocati
1256 3666 1557 3732 luerintdedimndi

352 3773 405 3837 vel
421 3774 455 3835 in
478 3772 623 3854 paschali
644 3770 838 3835 solennitate
860 3772 978 3835 crisrna
992 3782 1142 3834 sauetmu
1159 3795 1179 3853 ]
1195 3771 1304 3835 oleum
1325 3790 1367 3834 ex
1389 3790 1477 3834 urere
1498 3770 1557 3833 tri·

351 3871 472 3935 huendi
495 3877 687 3952 potestatem
709 3870 852 3932 habeant
873 3919 880 3932 .
904 3889 964 3931 nec
987 3890 1097 3932 earum
1125 3870 1319 3953 presbiteros
1341 3868 1383 3932 ad
1404 3867 1555 3931 sinodum

353 3995 446 4038 suam
462 3973 514 4036 vel
533 3973 711 4055 capitulum
732 3992 908 4035 convocare
924 4021 932 4035 .
947 3970 999 4033 vel
1022 3972 1064 4034 ab
1082 3972 1187 4035 officio
1209 3971 1323 4035 divino
1338 3970 1558 4053 suspendere.

354 4098 412 4141 seu
427 4075 558 4159 aliquod
573 4076 607 4138 iu
623 4096 678 4139 eos
692 4075 744 4139 vel
759 4075 920 4137 ruiuimun
935 4075 990 4156 jus
1004 4095 1153 4138 exercere
1162 4076 1374 4157 presumant!
1390 4080 1441 4136 set
1450 4073 1560 4137 omnia

353 4198 557 4263 quecumque
583 4178 715 4241 ecclesie
739 4179 845 4241 sancti
869 4178 1003 4241 suerunt
1019 4228 1026 4241 .
1042 4177 1169 4241 abbatis
1189 4174 1393 4240 soluunuodo
1414 4175 1560 4257 ejusdem

356 4277 542 4342 monasterii
557 4276 708 4359 potestati
723 4277 892 4339 tractanda
907 4276 1009 4340 libere
1024 4276 1213 4355 subiaceant
1228 4326 1236 4339 .
1259 4276 1310 4339 De
1324 4295 1424 4339 censu
1433 4295 1563 4357 quoque

357 4380 495 4463 siugulis
522 4379 617 4442 atritis
651 4400 709 4462 per
743 4380 931 4443 universam
961 4378 1164 4440 liritanniarn
1195 4376 1375 4461 colligendo
1402 4398 1421 4459 'J
1451 4386 1564 4443 sancte

358 4480 503 4542 ltomane
529 4477 661 4542 ecclesie
687 4498 746 4561 pro
771 4477 952 4541 stabilitate
978 4476 1069 4559 regni
1093 4476 1194 4539 nostri
1219 4495 1239 4558 Ἰ
1265 4475 1370 4539 salute
1399 4476 1566 4539 communi

359 4580 610 4644 transmittendo
634 4581 836 4645 decernimus
852 4630 859 4643 .
876 4590 913 4642 ut
936 4590 1096 4662 ‹purntmu
1119 4580 1154 4642 in
1177 4589 1261 4642 term
1282 4577 1387 4641 sancti
1411 4578 1567 4660 tnartyris

359 4682 567 4768 provenerit.
583 4683 623 4745 ah
638 4683 689 4745 his
704 4682 824 4764 quilurs
847 4682 1032 4763 injunctum
1049 4682 1146 4745 suerit
1161 4682 1203 4744 ab
1217 4681 1334 4745 ahhate
1350 4679 1568 4763 undecunque

359 4781 535 4847 collectum
567 4782 754 4847 nullatenus
779 4780 861 4845 alias
885 4794 1069 4864 asportetur
1095 4831 1102 4845 .
1128 4790 1180 4846 set
1207 4781 1303 4845 altari
1325 4780 1414 4845 beuti
1444 4777 1571 4843 Albani

894 4912 1037 4977 18ὴῖίᾶ
