3788 5498
283 367 346 417 au.
359 352 450 440 9⁴2]
658 373 824 426 aunuum
844 374 888 425 ro
908 372 1121 425 mmmm.

415 528 455 607 ᾧ
478 526 547 611 Ego
560 527 657 612 Egitu
672 530 816 614 ejusdem
830 530 915 616 regis
928 537 1034 595 mater
1047 529 1252 616 consignavi.
1366 571 1370 580 ·
1389 610 1392 614 Α
1516 605 1519 610 ,

415 627 456 706 ›1‹
478 625 547 710 Ego
560 628 716 692 Eddrcth¹
731 629 876 711 ejusdem
890 629 976 713 regis
991 629 1091 693 frater
1105 626 1312 693 continuavi.
1570 644 1573 651 '

413 728 454 807 '1⁴
478 727 546 810 Ego
564 729 722 794 Wolstan²
736 731 998 815 archiepiscopus
1013 722 1224 795 confirmavi.
1565 728 1570 735 ’

413 826 454 905 -Ῑα
478 826 545 910 Ego
560 826 695 912 Alphet⁸
709 829 946 893 wintoniensis
968 828 1101 894 ecclesie
1121 829 1289 912 episcopus
1303 827 1485 912 triumpha·

545 928 609 994 lem
631 930 801 1015 tropheum
822 932 894 1014 agie
914 931 1025 1018 crucis
1047 931 1197 1015 impressi
1217 930 1279 995 sub
1300 929 1486 1018 testimonio

543 1028 741 1093 mmmmm.

285 1151 336 1202 [ar
345 1152 394 1193 rra
403 1153 477 1197 nour..
486 1153 563 1203 nonu.
575 1157 602 1198 a
616 1157 660 1207 cr.
669 1158 725 1200 ires.
759 1158 860 1212 (mour,
908 1159 960 1207 [a]
976 1158 1082 1205 renue.
1093 1158 1144 1200 oa.
1155 1157 1227 1210 nar..
1236 1156 1280 1199 aa
1294 1165 1414 1203 cccrum
1425 1155 1489 1199 uu

334 1215 660 1270 opinamur-au.)
959 1220 1012 1270 [a]
1040 1218 1403 1271 nomme-uvarum

289 1540 360 1608 777.
384 1538 488 1604 Graiu
503 1542 541 1620 by
560 1542 651 1626 Χίης
666 1542 842 1606 Emlaeurtrui
863 1551 894 1605 to
915 1543 966 1605 tte
985 1542 1069 1606 Earl
1090 1541 1277 1615 AEtltclstan.
1291 1544 1332 1627 os
1346 1543 1428 1608 larul
1452 1547 1489 1605 at

416 1639 667 1715 AErvnaadcslca,
686 1639 753 1702 arrd
772 1638 970 1731 AEppcltuao
985 1662 1023 1703 or
1041 1640 1209 1724 Appietoa,
1222 1663 1301 1704 mar
1314 1641 1490 1724 Abiaqdoa,

416 1762 457 1806 co.
472 1740 577 1805 Beris
620 1757 683 1805 an.
698 1742 773 1806 942.

504 1866 616 1930 Caura
632 1881 727 1930 arcis
741 1867 928 1930 Euonrraur
944 1882 988 1930 nr
1002 1866 1285 1935 unumunurn.

336 1981 376 2045 ln
392 1981 523 2046 nomine
537 1980 601 2045 Dei
616 1981 732 2044 summi
744 2000 767 2063 3
782 1980 934 2045 altissimi
949 2030 957 2044 .

335 2081 440 2145 Certis
456 2079 759 2163 adstipulationibus
774 2100 833 2143 nos
848 2079 953 2143 sancti
973 2087 1007 2144 et
1025 2080 1107 2162 justi
1122 2089 1229 2164 patres
1245 2081 1492 2166 frequentativis

292 2177 528 2243 hortationibus
551 2178 725 2243 admonent
744 2229 751 2243 .
771 2186 809 2242 ut
833 2178 942 2242 Deum
966 2198 1064 2261 quem
1083 2178 1247 2263 diligimus
1275 2188 1309 2244 et
1331 2178 1493 2244 credimus
1541 2252 1543 2256 μ

294 2275 407 2341 intima
430 2277 549 2342 ruentis
573 2278 739 2341 affectione
763 2296 838 2341 cum
857 2275 1016 2339 bonorum
1040 2296 1173 2360 operum
1196 2277 1364 2361 diligentia
1388 2277 1494 2342 inoes-

293 2383 401 2439 santer
424 2395 499 2439 eum
524 2376 693 2438 timeamus
719 2384 753 2439 et
777 2393 924 2439 amemus
946 2424 954 2437 .
978 2375 1063 2451 Quia
1086 2375 1324 2439 retributorem⁴
1347 2375 1494 2440 omnium

296 2481 424 2536 actuum
442 2480 623 2537 nostrorum
639 2473 672 2536 in
689 2473 740 2536 die
756 2472 1006 2536 examinationis
1017 2472 1114 2554 juxta
1126 2472 1386 2556 uniuscujusque
1400 2472 1497 2537 meri·

298 2576 368 2634 tum
385 2571 520 2636 reddet.
537 2571 678 2654 Ideoque
699 2569 913 2634 subtilissima
934 2570 1054 2633 montis
1076 2570 1251 2635 certatione
1265 2568 1360 2633 illrun
1374 2568 1496 2634 imitari
1529 2560 1534 2565 ’

295 2676 476 2752 satagamus
486 2667 564 2733 licet
575 2667 719 2733 mortalis
730 2667 941 2750 ritepoudene
952 2664 1267 2750 pressiJIabentibus
1277 2665 1496 2749 hujussreculi

295 2767 546 2850 possessionibus
576 2769 677 2831 simus
699 2766 845 2830 inloecati
867 2773 980 2829 tamen
1009 2765 1223 2830 miserationis
1248 2767 1319 2849 ejus
1347 2765 1497 2850 largitato

297 2864 425 2930 cadurcis
440 2867 556 2950 opibus
571 2875 681 2931 eterna
696 2864 824 2929 celestis
840 2864 907 2928 vite
923 2863 1047 2947 premia
1061 2864 1194 2929 mercari
1208 2885 1387 2948 queamus.

338 2964 444 3040 Quam
459 2964 500 3028 ob
515 2984 643 3028 oausam
664 2983 722 3047 ego
741 2963 959 3026 Eanum-ors
980 2961 1138 3026 desiderio
1160 2962 1249 3044 regni
1264 2960 1392 3027 celestis
1406 2982 1500 3027 exar-

295 3060 373 3126 dens
389 3063 518 3126 favente
533 3081 672 3145 superno
686 3062 820 3124 numine
835 3059 974 3124 basileos
990 3059 1169 3124 industrius
1186 3060 1363 3146 auglorum
1377 3058 1498 3125 *deter-

296 3160 466 3243 arumque⁶
495 3160 641 3243 gentium
678 3159 712 3222 in
748 3159 888 3223 circuitu
914 3157 1157 3241 persistentium
1187 3157 1315 3222 cuidam
1343 3157 1498 3243 adoptivo

211 3341 213 3344 Ι
296 3257 381 3323 fideli
397 3258 606 3322 meo.oon1iti
621 3258 761 3321 vocitato
776 3245 987 3336 AEpummo
1002 3257 1044 3319 ob
1055 3254 1144 3319 illius
1159 3255 1296 3321 amabile
1307 3257 1500 3340 obsequium
1560 3289 1564 3297 ·

295 3357 446 3441 diguatus
476 3377 549 3419 sum
578 3354 686 3439 largiri
711 3371 780 3419 .x.
808 3375 939 3418 mansas
964 3353 1096 3436 agelluli
1121 3352 1242 3417 ibidem
1267 3352 1324 3416 ubi
1349 3353 1499 3438 smlguroe
1582 3357 1584 3360 ⁴

296 3453 420 3538 pri‘s‘co
449 3474 538 3518 more
573 3452 748 3537 mobilique
780 3453 937 3516 relatione
963 3451 1109 3516 vocitant
1133 3467 1184 3514 m
1207 3451 1498 3516 AEasrtuuustua.

296 3552 473 3634 villamque
490 3551 620 3615 noruiue
634 3567 684 3614 aar
695 3551 907 3614 AEereuwss
921 3600 929 3613 .
945 3570 1020 3614 cunr
1036 3550 1184 3633 pascuis.
1200 3549 1323 3634 campis
1336 3598 1345 3613 .
1360 3548 1499 3614 nemori·

296 3650 420 3733 busque
443 3649 598 3713 silvarum
625 3657 661 3713 ut
680 3648 734 3713 hic
755 3668 907 3732 pmspcre
930 3648 1094 3732 possideat
1117 3667 1156 3711 ao
1179 3647 1366 3713 eternaliter
1388 3655 1499 3712 teneat

296 3747 374 3811 dum
399 3748 498 3831 hujus
528 3747 667 3812 labentis
695 3748 746 3811 evi
777 3767 908 3810 cursum
938 3754 1081 3810 trauseat
1109 3744 1231 3811 inlesus
1259 3755 1359 3830 atque
1387 3745 1498 3810 vitalis
1584 3826 1587 3830 λ

297 3847 428 3928 spiritus
443 3846 477 3908 in
493 3845 690 3928 corruptibili
701 3843 973 3908 cumeinhereut.
987 3851 1060 3926 post
1073 3865 1107 3909 se
1122 3837 1231 3909 autem
1242 3844 1346 3908 veluti
1359 3843 1498 3908 affirma·

297 3943 403 4007 rimus
417 3943 611 4029 cuicumque
625 3942 763 4006 voluerit
776 3942 888 4006 heredi
899 3943 1124 4027 derelinquat.
1143 3943 1217 4006 Fiat
1230 3942 1353 4007 etenim
1363 3942 1499 4026 praelata

297 4049 381 4105 terra
396 4041 436 4104 ab
452 4041 540 4106 omni
555 4040 663 4105 servili
676 4042 754 4123 jugo
768 4039 870 4104 libera
893 4061 968 4104 cum
991 4041 1141 4104 omnibus
1155 4039 1218 4105 sibi
1231 4048 1318 4105 recte
1332 4041 1499 4124 pertinen·
1531 4102 1533 4106 ,
1558 4102 1561 4107 ,
1596 4102 1602 4107 .

297 4139 386 4204 tibus
399 4140 543 4222 exceptis
558 4140 630 4202 istis
646 4139 748 4202 tribus
764 4138 975 4221 expedicione
989 4141 1098 4223 pontis
1113 4139 1235 4203 arcisve
1250 4139 1497 4204 coedificationa

340 4237 490 4320 Denique
506 4257 582 4301 vero
597 4237 624 4300 si
637 4238 709 4319 rpus
725 4237 831 4300 nobis⁶
848 4233 943 4322 [non]
954 4237 1142 4302 obtantibus
1151 4246 1296 4302 nostrum
1304 4237 1366 4302 hoc
1375 4236 1498 4302 donum

297 4356 412 4421 augere
432 4335 573 4399 soluerit
595 4342 710 4421 augeat
730 4334 972 4420 amplificatque
998 4337 1222 4421 cunctipotens
1243 4337 1347 4402 vitam
1364 4337 1395 4402 ei
1415 4342 1499 4402 tem·

344 4483 355 4518 ²
371 4484 481 4547 hdred,
493 4482 528 4535 Κ.
636 4483 649 4517 ¹
663 4484 765 4546 ll'ulia,
778 4481 814 4535 Κ.
935 4485 947 4518 ⁸
961 4485 1093 4544 mah,
1105 4483 1141 4537 Κ.

344 4565 489 4624 ⁴·tiouem,
501 4561 536 4613 Κ.
632 4559 766 4612 ‘Altaersd
775 4563 845 4612 lrom
855 4569 1064 4628 mmmmque.
1073 4563 1124 4613 but
1133 4562 1206 4614 then
1218 4570 1265 4615 not
1276 4563 1500 4630 expunetesssso

294 4643 490 4706 wemma,
502 4641 538 4694 κ.
693 4694 695 4698 ,
974 4672 978 4682 .

380 4736 454 4787 vol.
1314 4740 1336 4790 1.
1349 4739 1371 4785 ι
