3788 5498
329 451 395 500 un.
409 438 501 523 944]
748 458 890 508 retruso
911 458 954 507 ro
976 458 1135 508 wonrmc.
1473 444 1539 511 555

330 629 389 692 per
402 611 601 677 incrementa
616 622 797 699 temlerum
811 615 982 680 crescendo
997 615 1154 679 decrescit
1166 622 1200 679 et
1210 613 1398 698 ampliendo
1412 614 1541 679 minua·

331 712 387 769 tur
413 756 421 771 .
446 711 783 797 crebrescentibusqne
811 714 990 796 repentinis
1020 714 1185 778 seriorum
1214 712 1406 777 incursuum
1434 711 1540 777 munis

331 805 459 870 sicinus
480 809 554 872 finis
574 810 730 875 terminus
759 832 827 876 csse
856 813 983 877 cunctis
1009 813 1044 875 in
1070 813 1219 895 proximo
1244 810 1542 876 cernitur.iecirco

330 905 426 969 ranis
452 926 489 970 uc
515 908 736 973 transibilibus
758 910 854 973 rebus
876 930 1027 973 mansum
1052 910 1176 975 eelistis
1197 909 1304 992 patrie
1318 908 1444 993 premis
1457 928 1542 973 rner-

333 1002 436 1065 candn
451 1010 547 1067 sunt.

377 1100 581 1184 Quapropter
591 1124 649 1185 ege
663 1104 853 1169 Emtt's’nt's
868 1126 925 1169 rex
940 1106 1123 1190 ,lngiorem
1134 1113 1380 1189 ceterorumque
1389 1104 1542 1190 gencium

332 1198 368 1262 iu
390 1199 530 1263 circuitu
551 1202 795 1283 persistencium
817 1204 1014 1285 gubernator
1035 1212 1070 1269 et
1087 1213 1193 1269 rector
1212 1204 1344 1269 cuidem
1359 1224 1433 1268 meo
1453 1202 1543 1267 fideli

334 1297 483 1360 ministro
505 1300 647 1362 recitato
669 1302 799 1363 nomine
813 1302 994 1365 ll'etfmco
1015 1303 1057 1365 ob
1079 1302 1169 1366 illius
1191 1302 1331 1367 amabile
1350 1301 1543 1385 obsequium
1632 1288 1635 1293 ⁵

334 1395 470 1478 ejusque
496 1396 688 1479 plausibilem
712 1398 901 1461 fidelitatem
923 1400 1076 1483 (ligurinus
1098 1421 1172 1463 sum
1193 1399 1355 1482 impartiri
1377 1399 1430 1463 bis
1443 1398 1545 1463 denus

335 1514 466 1558 mansas
491 1497 579 1577 quod
609 1497 746 1579 Anglicc
775 1497 915 1560 dicitnr.
931 1500 1036 1560 metti
1058 1499 1131 1561 hide
1145 1548 1153 1561 .
1168 1498 1227 1561 ubi
1249 1497 1418 1561 tmbnrum
1444 1495 1545 1561 eolle-

335 1593 428 1656 cicne
439 1592 633 1675 jamdudum
648 1615 764 1657 nornen
788 1595 916 1657 illatum
937 1594 998 1658 hoc
1020 1595 1131 1659 adesse
1151 1598 1313 1679 pmlertur
1327 1606 1361 1659 nt
1376 1594 1545 1658 Kerm-

335 1705 423 1752 Toxn
437 1740 445 1753 .
461 1690 522 1753 hoe
537 1692 636 1774 igitur
651 1692 748 1756 tellus
763 1694 922 1774 prelatum
938 1694 1088 1756 munibus
1103 1714 1179 1757 cum
1193 1694 1396 1777 appendiciis
1405 1692 1500 1757 silvis
1510 1700 1545 1756 et

335 1790 458 1871 campis
473 1789 625 1872 paschuis
647 1800 744 1873 atque
767 1790 866 1871 pratis
889 1791 1014 1873 magnis
1032 1791 1086 1854 rel
1102 1791 1246 1855 minimis
1261 1792 1305 1855 sit
1318 1811 1448 1875 quoqne
1462 1790 1546 1855 liber

336 1887 487 1951 libertate
501 1889 624 1970 prefixa
640 1888 680 1951 ab
695 1889 783 1951 cinni
802 1889 881 1972 jugo
903 1889 1013 1952 servili
1035 1910 1109 1952 cmn
1125 1890 1287 1955 universis
1301 1910 1365 1973 que
1380 1889 1547 1973 pertinent

336 1986 401 2049 sibi
415 1986 520 2049 tribus
534 1987 746 2068 pretermissis
768 2008 834 2049 non
856 1986 1067 2050 obmittendis
1088 1986 1300 2070 expedicione
1314 1988 1424 2071 pontis
1438 1986 1547 2051 muni·

338 2085 504 2167 ciuilisque
519 2086 719 2148 coniectione
734 2084 886 2168 deinceps
902 2105 1041 2168 tractuque
1052 2086 1113 2148 sibi
1126 2085 1312 2150 succedenti
1324 2086 1379 2149 cui
1385 2085 1549 2169 placuerit

338 2182 401 2245 sibi
430 2183 595 2265 relinquat
624 2182 734 2246 heredi
765 2182 798 2244 in
829 2190 973 2245 eternam
1003 2183 1217 2247 hereditatem
1242 2219 1262 2247 .=
1282 2183 1369 2247 Nem
1397 2183 1549 2267 quisquis

339 2285 521 2349 scculomm
550 2286 585 2347 in
614 2286 822 2368 generaciene
853 2284 955 2349 Belial
985 2294 1104 2368 gnatus
1132 2294 1281 2349 nostrum
1305 2286 1369 2350 hoc
1392 2285 1548 2349 volumen

339 2384 501 2447 inmutare
524 2385 733 2467 temptauerit
752 2383 827 2447 inde
851 2404 924 2447 reus
947 2383 1095 2467 [s]eclere
1116 2385 1236 2466 judicii
1258 2384 1311 2449 die
1332 2404 1452 2469 mugire
1471 2404 1548 2448 cum

341 2490 447 2546 turma
470 2490 577 2547 truces
599 2483 749 2546 trudatur
770 2484 805 2545 in
828 2482 974 2545 ssannnas
1000 2482 1063 2545 nisi
1088 2481 1151 2546 hoc
1176 2484 1213 2547 in
1233 2482 1343 2548 seculo
1365 2481 1549 2567 penitencie

339 2581 433 2663 prins
447 2582 525 2644 flete
541 2580 687 2645 detersus
701 2581 777 2644 hinc
793 2602 828 2645 se
842 2580 999 2663 corrigere
1013 2579 1198 2646 studuerit.

384 2680 463 2743 Istis
477 2680 668 2743 terminibus
684 2680 828 2762 predicta
843 2688 927 2743 term
941 2679 1164 2763 circumgirata
1179 2700 1251 2744 esse
1266 2680 1419 2746 videtur.

385 2780 494 2843 slirest
524 2779 665 2862 cudlang
703 2784 741 2863 lte
771 2780 819 2843 ier
848 2787 882 2842 to
914 2778 1094 2841 Alorbroke
1120 2778 1262 2861 cndlang
1290 2778 1488 2843 Alerbrokes
1517 2786 1553 2841 to

343 2877 520 2942 Wodcscrd
536 2927 543 2941 .
559 2880 593 2940 ei
618 2877 793 2941 ll'edelord
815 2886 849 2940 to
872 2876 1050 2940 Stretciord
1072 2876 1106 2938 oi
1129 2875 1308 2939 Streteiord
1330 2884 1364 2939 to
1385 2874 1555 2940 hieredich

343 2998 388 3059 tp
402 2978 436 3039 oi
451 2976 618 3041 llcrcdich
635 2985 692 3040 eut
701 2983 735 3040 te
746 2975 870 3037 bilham
880 2977 936 3060 lut
947 2973 998 3036 hit
1009 2980 1113 3037 comet
1125 2984 1160 3036 to
1174 2972 1379 3056 langiorlang
1388 2970 1554 3036 suthwurd

343 3079 450 3162 honen
464 3083 499 3139 to
514 3077 687 3159 Hengmre
701 3076 735 3138 oi
751 3075 921 3157 llengntvc
936 3079 970 3136 to
991 3071 1236 3155 cclelundgmrve
1257 3075 1362 3155 honen
1383 3078 1419 3134 to
1433 3070 1555 3135 abbun-

346 3175 468 3259 bcrghe
485 3183 519 3238 to
530 3181 592 3258 pan
608 3182 761 3256 orputten
778 3182 812 3235 to
826 3178 864 3258 lm
880 3174 928 3235 ser
943 3171 997 3234 ist¹
1013 3168 1123 3234 sone'.

388 3282 474 3345 Actu
489 3288 539 3343 cst
554 3278 614 3343 hec
628 3279 755 3362 prelata
769 3277 903 3341 donacio
917 3296 1003 3338 ulmo
1014 3273 1055 3336 ab
1066 3273 1293 3337 incarnacione
1307 3271 1444 3336 Domini
1453 3270 1555 3337 nostri

345 3380 368 3442 J
370 3379 450 3444 besu
466 3378 591 3443 Christi
605 3390 936 3441 .nc.c.c.c.m111.
951 3372 1129 3435 indictione
1143 3369 1307 3435 seeundo.

479 3505 519 3581 ἦ(
543 3502 610 3583 Ege
641 3498 833 3562 illinemus
861 3518 917 3561 rex
947 3494 1129 3579 Anglomm
1156 3494 1317 3576 pref-amm
1346 3491 1558 3557 donacionem

609 3619 683 3662 cnm
698 3596 804 3679 sigillo
819 3604 929 3660 sancte
945 3593 1048 3657 crucis
1063 3591 1251 3655 subornati.

479 3700 519 3778 ’1⁴
544 3698 612 3780 Ego
627 3696 698 3760 Ode
714 3693 980 3759 Derobornensis³
994 3691 1128 3756 ecclesie
1139 3689 1400 3774 archiepiscopus
1410 3688 1557 3773 ejusdem

609 3794 693 3875 regis
704 3793 913 3856 demtcionem
925 3811 1000 3853 cum
1011 3788 1118 3874 sigillo
1130 3799 1243 3853 sancte
1252 3788 1356 3852 erucis
1367 3787 1559 3852 confirmavi

611 3913 685 3955 cum
700 3891 813 3954 multis
826 3891 918 3954 aliis.

398 4023 471 4069 llarnc
488 4017 599 4068 ruralem
617 4015 800 4078 possessionem
818 4016 957 4079 predictam
976 4013 1084 4061 Wuliric
1100 4020 1160 4076 lest
1175 4012 1279 4061 obitum
1294 4010 1412 4075 conjugis
1437 4026 1483 4060 sue
1498 4010 1561 4059 dats

347 4102 447 4150 canitia
466 4096 653 4148 conmendavit
665 4133 672 4145 .
683 4096 753 4159 qued
772 4104 860 4144 ermen
880 4095 992 4143 Eleu-ine
1014 4094 1100 4141 iactus
1121 4092 1264 4141 menachus
1282 4097 1311 4141 et
1332 4092 1365 4139 sd
1376 4089 1562 4141 monesterium

350 4184 451 4231 rediens
462 4198 539 4244 opem
550 4177 667 4242 implevit
678 4210 686 4224 .

351 4288 662 4340 [s.]ns.n0=n.‚u'0‹n.i.
677 4286 751 4327 nnc
779 4286 881 4337 (nmen
890 4286 936 4327 σοι.
974 4281 1030 4335 [κ.]
1052 4281 1162 4331 nemete,
1181 4280 1236 4322 cac.
1259 4280 1334 4331 nm..
1354 4278 1401 4321 rte
1421 4288 1547 4322 ccamu

402 4352 465 4393 tated
474 4352 507 4400 by
516 4352 559 4391 llr.
568 4352 597 4393 G.
607 4348 713 4397 l'erker.)
1024 4346 1087 4387 trem
1096 4343 1148 4393 [k]
1175 4342 1357 4385 nonensem
1364 4340 1544 4393 surina

352 4414 403 4462 [m]
415 4414 530 4463 [lugebit.
538 4413 602 4453 lton.
611 4410 686 4462 1291..
693 4410 740 4451 voi.
750 4409 766 4455 l.
773 4421 796 4461 p.
806 4412 841 4451 ὓ.

382 4525 612 4594 '¹iiitscreit
718 4508 834 4584 ²suine,
847 4521 895 4582 D.;
911 4522 1079 4583 iemststene,
1092 4518 1127 4569 Κ.
1226 4518 1448 4583 *ὓοωῠεηυιὴ
1460 4518 1495 4571 D.
