3788 5498
501 688 560 754 ‘siv
924 700 1136 753 ancusrssor
1157 698 1322 750 nuaram.
1546 678 1622 763 [en.
1638 685 1713 773 aza
1800 681 1801 684 ’

509 861 616 924 anime
630 879 702 924 mee
716 867 751 924 et
771 880 829 942 pro
843 866 913 925 tota
934 864 1031 945 gente
1053 855 1252 921 Mereiorum
1274 855 1373 919 sicuti
1394 853 1435 917 ab
1457 853 1546 916 omni
1560 852 1718 918 servitute

509 958 573 1021 suit
591 958 728 1022 liberata
742 966 776 1022 et
790 964 841 1023 est
855 1009 863 1026 .
879 980 954 1024 cum
975 958 1029 1021 his
1050 955 1192 1020 testibus
1215 961 1426 1036 utrorumque
1448 972 1585 1016 sexuum
1606 971 1720 1015 mons·
1845 1024 1848 1028 ⁴

510 1054 646 1119 chorum
661 1056 713 1120 vel
728 1057 922 1121 secularium
938 1107 945 1122 .
962 1065 1001 1120 nt
1015 1055 1086 1118 haec
1101 1062 1212 1116 nostra
1227 1058 1353 1116 statuta
1366 1051 1457 1114 firma
1473 1056 1664 1133 permaneat
1684 1048 1721 1112 in

511 1167 704 1242 perpetuum
718 1157 785 1222 Hic
798 1159 886 1223 infra
900 1164 1096 1223 caraxantur
1109 1155 1244 1219 nomina
1259 1154 1393 1219 testium
1407 1201 1416 1218 .

512 1298 517 1307 '
641 1297 709 1380 Ego
725 1297 872 1363 coenwlf
893 1319 952 1362 rex
966 1296 1117 1365 consensi
1132 1301 1167 1359 et
1181 1293 1356 1378 subscripsi
1371 1293 1407 1357 in
1421 1291 1533 1356 sinodo
1547 1289 1631 1355 etin
1644 1280 1721 1356 loco
1793 1362 1797 1371 Ι

771 1400 830 1483 qui
845 1400 965 1465 dicitur
980 1396 1143 1481 celichy’e
1158 1446 1167 1463 .

640 1497 709 1581 Ego
723 1497 877 1563 Wulired
893 1497 1175 1581 archiepiscopus.
1198 1588 1202 1594 ⁵

512 1658 561 1709 [a]
575 1656 624 1701 us
636 1657 729 1726 ocean
737 1655 1023 1709 assumamus.
1135 1628 1186 1704 aar
1201 1653 1281 1759 aff
1302 1638 1405 1707 raba.
1427 1614 1624 1701 sasamon.
1639 1649 1686 1695 vat
1703 1648 1723 1700 t.

1184 1728 1208 1770 μ
1251 1748 1258 1760 .

409 2233 413 2240 ¹
516 2149 578 2214 851
608 2149 732 2234 (3803).
754 2149 839 2214 Decd
855 2149 895 2233 by
908 2150 1103 2234 Arclbisltop
1118 2150 1263 2235 Wtisrcd
1273 2146 1386 2231 settiap
1399 2154 1453 2211 out
1468 2154 1560 2211 torota
1573 2147 1612 2231 os
1619 2166 1665 2209 on
1678 2167 1728 2210 cc·

642 2249 757 2330 change
766 2250 806 2331 os
812 2249 893 2311 laad
901 2257 935 2312 at
947 2249 1182 2332 Doddiaqiaud
1197 2250 1235 2332 by
1250 2246 1533 2312 thc“Familia’'or
1543 2251 1729 2329 amnastcry,

645 2353 680 2409 at
697 2346 799 2422 Tenet,
814 2369 851 2410 or
868 2346 1002 2423 Nesciet,
1013 2349 1093 2411 scith
1107 2349 1158 2411 ihc
1171 2349 1279 2429 Ahbcy
1290 2350 1329 2430 os
1337 2346 1382 2411 St.
1397 2345 1579 2427 Augustius,
1595 2343 1726 2408 Cantor·
1819 2378 1823 2385 ·

646 2444 734 2527 busy,
741 2445 801 2530 for
816 2445 897 2509 laced
912 2453 947 2509 at
962 2445 1182 2532 Eoldaqsord‚
1197 2468 1240 2511 co.
1251 2446 1345 2509 Kcat.
1388 2444 1494 2508 aaa
1510 2458 1573 2508 sn.
1588 2443 1662 2506 824.

559 2600 602 2664 In
616 2600 752 2665 nomine
767 2599 893 2664 domini
908 2601 1012 2666 nostri
1026 2601 1134 2667 Jhesu
1149 2599 1295 2666 eluisti.
1815 2688 1820 2695 .

560 2699 628 2783 Ego
645 2698 853 2763 uaeramus
877 2698 1001 2764 Christi
1022 2700 1128 2783 gratia
1150 2698 1412 2782 archiepiscopus
1433 2695 1504 2779 ejus
1523 2695 1645 2761 familie
1667 2715 1732 2780 qus

516 2799 628 2862 Tum
643 2798 677 2860 in
700 2798 841 2862 australe
864 2799 1054 2862 nominat-ur
1074 2796 1309 2862 monasterium
1323 2801 1332 2856 t
1347 2794 1588 2880 aliquantulum
1602 2795 1729 2860 territo·

517 2897 627 2960 dum.
649 2896 684 2960 id
707 2903 831 2960 est.t'1
849 2897 1027 2980 ,jugerum
1049 2897 1086 2960 in
1107 2896 1179 2961 loco
1201 2897 1244 2960 ab
1265 2895 1381 2960 incolis
1402 2894 1522 2958 ibidem
1544 2895 1731 2959 nominatur
1825 2934 1830 2946 -

518 3000 768 3063 Donomcnan'u
783 2999 959 3064 tribuimus
975 2998 1143 3064 chsano
1163 2998 1342 3064 venerabili
1357 2997 1467 3062 abbati
1485 3046 1493 3063 .
1510 3004 1607 3082 atque
1618 2997 1731 3062 Sancti
1767 3047 1770 3052 .
1832 3015 1841 3051 ’κ

518 3100 697 3183 Augustini
712 3100 837 3165 familie
857 3102 1094 3184 perpetualiter
1116 3101 1333 3167 adfruendum
1346 3120 1406 3185 pro
1420 3101 1490 3166 rice
1512 3108 1626 3164 mutua
1640 3100 1730 3164 illius

518 3207 603 3264 terre
639 3220 702 3283 que
738 3200 779 3263 ab
814 3199 983 3283 indegenis
1012 3201 1245 3266 Burmann
1275 3201 1345 3264 illic
1373 3200 1556 3284 appellatur
1584 3199 1729 3283 ejusdem

520 3317 670 3361 mensure
697 3304 796 3381 atque
830 3294 1068 3381 magnitudinis
1093 3300 1181 3364 sicut
1204 3305 1239 3364 et
1263 3298 1322 3363 illa
1344 3297 1529 3381 supradicta
1550 3303 1637 3362 terra
1667 3318 1732 3381 qne

520 3395 640 3459 dicitur
668 3394 932 3478 Doddingland.
963 3396 998 3460 id
1030 3404 1082 3461 est
1111 3447 1118 3462 .
1149 3418 1301 3462 mensura
1327 3396 1597 3481 ,t’1.jugemm
1627 3416 1649 3481 3
1675 3396 1734 3462 isti

519 3493 652 3558 termini
671 3493 936 3575 circumjacentes
957 3502 1038 3559 sunt
1059 3495 1152 3561 illius
1174 3496 1295 3561 terrule
1316 3494 1565 3580 Doddinglande
1578 3545 1587 3560 .
1602 3494 1638 3560 id
1658 3501 1732 3562 est.

519 3592 561 3655 ab
583 3590 769 3674 aquilone]
792 3590 833 3655 ab
856 3593 982 3657 oriente
998 3614 1018 3676 3
1034 3593 1077 3657 ab
1091 3602 1204 3658 austro
1219 3595 1261 3658 ab
1276 3594 1392 3659 incolis
1413 3593 1535 3657 ibidem
1556 3592 1733 3657 nominatis

520 3689 699 3773 Groenling
712 3709 733 3773 ]
748 3690 914 3775 Fsodiueg
936 3740 945 3757 .
967 3692 1121 3758 similiter
1144 3693 1245 3758 otiam
1266 3692 1388 3757 terrula
1408 3691 1552 3776 predicte
1573 3691 1755 3774 Jitldan·¹

520 3789 632 3853 forda.
678 3788 725 3853 Hi
747 3798 826 3853 sunt
847 3790 966 3873 fines]
983 3791 1140 3871 termini.
1156 3792 1198 3855 ab
1220 3790 1400 3875 aquilonali
1415 3796 1506 3874 parte
1527 3790 1581 3853 via
1602 3789 1735 3874 publica

520 3888 710 3952 oboriente
735 3908 755 3970 ]
783 3895 892 3952 austro
914 3888 1012 3973 agelli
1036 3889 1190 3972 adjacent
1222 3890 1344 3954 familie
1369 3888 1531 3953 Sturensis
1554 3884 1601 3953 ab
1618 3908 1734 3953 occasu

521 3986 621 4050 finem
636 3985 725 4050 Sturi
746 3985 893 4050 fluminis
912 3986 1038 4052 habens
1052 4008 1072 4071 3
1087 3987 1149 4053 hec
1171 3988 1311 4052 mutatio
1326 3987 1424 4070 hujus
1447 3985 1680 4050 vicissitudinis
1694 3986 1736 4051 de

520 4087 689 4173 particulis
703 4087 882 4172 agellorum
896 4089 1047 4153 istamm¹
1063 4090 1151 4155 iacta
1165 4111 1241 4154 cum
1264 4109 1390 4155 summo
1405 4087 1622 4153 moderamine
1636 4095 1736 4173 atque

522 4191 748 4255 unanimitatis
774 4191 1043 4257 accommoditats
1068 4213 1089 4276 3
1116 4193 1312 4258 necessitate
1335 4192 1502 4256 amborum
1530 4191 1736 4256 dominorum

522 4293 784 4377 familiarumque
812 4292 875 4357 hoc
904 4294 1001 4358 modo
1030 4296 1231 4360 constituere
1261 4316 1281 4378 J
1311 4293 1489 4376 dijudicare
1517 4292 1640 4377 absque
1668 4293 1738 4359 ullo

522 4392 689 4456 obstaculo
704 4399 762 4455 aut
775 4392 1031 4458 contradictione
1042 4393 1097 4458 rel
1111 4394 1224 4478 aliqua
1238 4395 1420 4458 mutatione
1435 4390 1525 4457 salvo
1533 4394 1608 4476 jure
1621 4412 1643 4477 3
1658 4413 1737 4478 pace

523 4500 621 4574 atque
647 4491 803 4554 unanima
841 4490 1013 4554 concordia
1038 4493 1184 4575 partium
1219 4493 1388 4558 ambamm
1418 4499 1517 4575 atque
1545 4492 1581 4556 in
1606 4493 1739 4559 nomiae

523 4589 647 4654 domini
668 4589 774 4654 nostri
795 4587 901 4653 Jhesu
924 4589 1049 4655 Christi
1073 4590 1199 4673 Jbeati
1221 4610 1241 4675 ]
1266 4591 1378 4655 Sancti
1401 4590 1493 4655 Petri
1513 4590 1738 4657 benedictione

521 4686 753 4772 perpetualiter
778 4687 953 4772 perdurare
980 4709 1136 4770 germana
1165 4709 1186 4773 ]
1214 4691 1357 4755 fraterna
1381 4690 1499 4755 caritas
1524 4690 1739 4755 decrevemut

526 4794 625 4870 atque
640 4785 849 4851 decreverant
863 4785 925 4851 hoc
936 4787 1032 4851 modo
1047 4807 1106 4871 per
1120 4788 1230 4852 onmia
1246 4797 1285 4854 ut
1300 4789 1354 4853 hic
1368 4789 1525 4875 scriptum
1544 4788 1685 4854 habetur
1698 4788 1754 4879 ad·

1058 4939 1241 5007 ’ΒΗΚ
