3788 5498
514 371 582 437 476
867 343 1055 436 'rannnan
1077 387 1121 436 ro
1143 387 1360 438 mamurra
1562 374 1642 459 [an.
1656 353 1732 454 §411

516 545 574 630 par
588 541 665 606 dieh
679 542 729 606 eit
750 563 794 606 on
813 542 890 607 alne
911 564 954 609 on
975 542 1118 609 cliirrere
1139 546 1246 631 panea
1268 565 1311 609 on
1330 549 1371 633 pe
1392 545 1549 612 aithibed
1569 551 1675 634 tanen
1689 565 1732 610 on

518 647 558 729 pe
572 661 660 705 mere
676 640 772 704 south
787 640 852 704 and
865 642 977 706 soa'on
991 642 1056 731 ri3t
1067 662 1144 707 over
1154 642 1418 708 danntesboume
1427 666 1471 708 on
1485 648 1542 733 per
1552 645 1734 710 ellenestnb

517 739 565 803 eit
579 759 622 801 on
637 741 695 824 her
709 738 999 804 brembel1reraan¹
1011 741 1060 805 eit
1075 760 1117 805 on
1132 744 1190 828 per
1201 741 1387 807 merhawen
1400 743 1448 806 eit
1459 764 1502 808 on
1511 742 1733 808 suineshenad

517 859 561 901 on
574 841 614 924 pe
627 847 718 922 oarete
733 837 911 920 mapildore
925 841 1030 924 panea
1046 859 1089 903 on
1103 842 1145 926 pa
1159 839 1232 904 alde
1247 839 1332 904 oden
1350 840 1512 907 missenne
1527 841 1670 906 andland
1684 842 1733 929 Pis

518 936 618 1001 clives
640 957 684 999 on
706 939 767 1022 pen
791 935 855 998 hen
879 938 984 1020 ayssh'
1004 959 1046 1001 on
1061 937 1264 1003 hoddiscli1·e
1287 939 1417 1022 torpent
1439 940 1472 1002 bi
1488 940 1668 1005 airtwalcn
1689 961 1732 1004 oa

518 1036 601 1099 saud
611 1035 768 1098 riddriatc
783 1056 825 1097 011
839 1038 876 1119 he
892 1035 973 1120 hage
985 1039 1041 1122 par
1055 1038 1103 1101 est
1118 1059 1159 1100 011
1172 1051 1262 1121 gieta
1277 1043 1326 1101 tre
1338 1037 1626 1121 enfflnnghhnwyn
1641 1058 1684 1100 on
1695 1043 1734 1124 pa

518 1136 590 1202 clde
616 1145 717 1200 strete
741 1135 790 1198 eit
812 1156 853 1199 on
879 1142 1092 1201 teonescanea
1115 1135 1303 1201 southward
1328 1138 1433 1220 hinne
1460 1136 1637 1220 enallanges
1659 1140 1733 1222 pare

518 1234 713 1318 hrodefangh
729 1255 771 1297 on
788 1236 827 1318 pe
846 1233 1064 1318 hegeberghes
1086 1235 1121 1298 in
1142 1256 1185 1298 on
1206 1238 1344 1320 letoun
1366 1233 1553 1298 northward
1574 1234 1733 1319 endelnng

520 1338 575 1420 lar
590 1333 731 1397 lorerthe
746 1334 786 1397 be
802 1355 821 1395 a
837 1333 915 1397 aher
928 1333 1034 1399 heved
1049 1339 1105 1419 par
1119 1335 1168 1399 eit
1182 1354 1224 1398 on
1240 1332 1520 1398 cristemelforde.

564 1435 648 1496 Acta
663 1440 714 1496 est
727 1431 788 1496 hec
805 1432 928 1515 prelata
943 1432 1078 1496 donacio
1093 1454 1180 1496 anno
1195 1433 1236 1496 ab
1252 1432 1478 1497 incarnacione
1493 1431 1616 1496 domini
1632 1433 1732 1497 nostri

518 1531 624 1596 Jhesu
639 1529 761 1594 Christi
777 1580 785 1594 .
801 1546 1084 1595 n.c.e.c.c.x1,
1098 1579 1105 1594 .
1122 1528 1304 1595 indiccione
1320 1577 1329 1595 .
1345 1545 1446 1596 xlm.

652 1665 693 1745 ›1‹
718 1663 786 1746 Ego
809 1661 1001 1727 Edmuadus
1030 1662 1100 1727 Rex
1128 1662 1310 1746 Aaglorum
1340 1662 1499 1745 prefatam
1524 1660 1734 1728 donacionem

785 1781 860 1826 cum
876 1761 983 1841 sigillo
998 1767 1109 1826 sancte
1124 1762 1231 1826 crucis
1245 1760 1457 1825 confirmavi.

653 1861 694 1941 ›1‹
720 1861 788 1942 Ego
804 1858 933 1922 liddred
948 1858 1094 1938 ejusdem
1109 1859 1194 1942 regis
1209 1859 1309 1923 frater
1325 1858 1537 1942 consignari.

654 1961 694 2041 ›1‹
720 1959 788 2040 Ego
803 1957 989 2022 tt'ullhehu
1013 1957 1295 2021 ltorohornnensis
1317 1955 1452 2021 ecclesie
1474 1956 1736 2040 archiepiscopus

785 2056 932 2139 ejusdem
954 2057 1038 2139 regis
1060 2056 1273 2120 donacionem
1289 2077 1363 2120 cum
1387 2054 1522 2140 tropheo
1541 2056 1613 2140 agie
1632 2045 1742 2119 erucis

785 2157 974 2220 confirmavi
991 2177 1066 2220 cum
1082 2155 1196 2220 inultis
1211 2154 1308 2219 aliis.

599 2247 989 2329 [ainssoauwooaearae.
1153 2276 1738 2330 111.11um1u.coa.n1p1..uo.eecamn;rm

1204 2339 1257 2389 [k]
1285 2339 1431 2382 mundane·
1439 2339 1465 2381 ln
1473 2337 1520 2382 rel.
1530 2339 1563 2389 rt.
1572 2351 1596 2392 p.
1604 2341 1652 2383 Β).

930 2512 1307 2524 -σο-σ-.-.ι-..ι-οε

522 2653 596 2719 753.
619 2653 725 2717 Graat
747 2652 787 2733 hy
808 2651 900 2733 Χίης
915 2650 1093 2715 Badraaaul
1116 2649 1364 2741 immnerito,
1384 2650 1424 2732 os
1440 2650 1520 2712 laad
1539 2658 1573 2714 at
1598 2651 1738 2716 Oratuld·

652 2804 657 2814 .
703 2753 761 2832 inq
775 2751 845 2826 till,
859 2771 897 2815 or
912 2750 1097 2832 Osaoldiap
1111 2758 1196 2827 tum,
1209 2771 1250 2813 co.
1266 2749 1361 2813 Kcat.
1398 2763 1462 2813 aa).
1477 2750 1551 2814 940.

568 2882 608 2962 ›1‹
632 2880 803 2962 Itegrrante
818 2878 1047 2962 inperpetuum
1063 2877 1195 2941 domino
1210 2887 1322 2941 nostro
1336 2876 1441 2939 Jhesu
1458 2876 1612 2943 Christo.
1649 2878 1738 2943 Dum

525 2979 702 3043 conditoris
718 2977 820 3040 nostri
833 2977 1038 3060 prouidentia
1052 2977 1159 3040 omnis
1174 2984 1322 3040 creatura
1331 2974 1427 3039 ralde
1439 2975 1567 3056 banaia
1580 2976 1740 3061 principio

418 3077 422 3087 ’
526 3079 665 3141 formata
675 3076 877 3168 sonaoseque
888 3085 995 3139 creata
1005 3084 1103 3159 atque
1114 3075 1258 3159 speciose
1268 3073 1430 3158 plasmata
1441 3080 1492 3137 est
1502 3094 1599 3158 supra
1610 3083 1644 3140 et
1653 3076 1740 3140 inira

526 3175 621 3240 calos
636 3183 705 3237 tam
726 3176 761 3236 iu
777 3173 901 3256 angelis
923 3193 1022 3257 apuam
1044 3174 1145 3238 etiam
1160 3173 1196 3238 in
1218 3172 1406 3236 hominihus
1425 3192 1464 3237 ac
1484 3172 1519 3235 in
1537 3172 1740 3240 multimodis

526 3295 565 3338 ac
579 3273 718 3337 dirersis
740 3271 910 3355 speciebus
926 3273 1150 3355 jumentorum
1174 3271 1368 3336 animalium
1383 3270 1521 3355 piscium
1547 3271 1739 3340 uolucrum.

527 3375 645 3457 Sisque
660 3372 703 3434 ab
718 3372 813 3434 initia
829 3372 942 3435 mandi
959 3372 1118 3457 usquead
1134 3372 1233 3435 finem
1254 3376 1378 3434 statuta
1398 3377 1551 3454 precepta
1565 3371 1741 3436 conditoris

526 3473 577 3536 sui
589 3473 664 3554 jure
680 3469 871 3534 custodiunt
887 3471 950 3534 uisi
965 3470 1062 3534 homo
1076 3469 1165 3535 solus
1181 3470 1237 3554 qui
1254 3469 1296 3533 ad
1312 3469 1486 3552 imaginem
1501 3489 1597 3532 suum
1612 3477 1740 3535 creatus
1791 3465 1804 3482 '

526 3579 560 3635 et
580 3570 734 3639 omnihus
756 3567 903 3653 prelatus
925 3569 1081 3633 creaturis
1103 3577 1236 3653 propter
1256 3566 1556 3652 praeuaricationem
1581 3588 1740 3633 conruens

526 3671 561 3733 in
576 3676 739 3733 mortem.
1186 3714 1189 3721 .

571 3769 776 3850 Quapropter
800 3785 861 3850 ego
882 3815 890 3829 .
914 3765 1132 3831 Eannumrs
1153 3816 1162 3831 .
1185 3786 1242 3830 rex
1267 3763 1450 3849 aaglomm
1473 3763 1611 3830 antestis
1636 3766 1741 3850 patria

528 3866 685 3932 exardens
699 3864 828 3930 cuidam
845 3864 992 3949 religiose
1008 3873 1119 3930 sancte
1133 3864 1285 3928 monialis
1304 3862 1425 3928 lemine
1433 3863 1580 3928 recitate
1594 3913 1602 3929 .
1616 3863 1742 3931 AEnme

412 3986 415 3990 “
528 3969 726 4048 sp1pn.x.
757 3968 887 4027 mansas
909 3963 1075 4048 largiendo
1104 3963 1286 4028 condonati
1312 3962 1383 4028 illic
1405 3963 1463 4027 ubi
1489 3962 1608 4048 tulgas
1635 3965 1742 4049 prisco

527 4063 685 4128 relatione
710 4063 855 4126 vocitat.
872 4078 925 4125 mr
941 4062 1134 4148 Ospannlsa
1159 4061 1274 4126 villam
1289 4112 1296 4126 .
1314 4061 1478 4139 Quatinns
1500 4061 1559 4126 illa
1573 4062 1656 4128 bene
1670 4083 1741 4148 per·

530 4165 657 4225 staretur
671 4181 711 4225 ac
725 4159 958 4244 perpetualiter
978 4158 1143 4245 possideat
1163 4160 1243 4224 dum
1260 4159 1361 4242 hujus
1382 4159 1523 4226 labentis
1540 4161 1593 4225 evi
1611 4181 1741 4226 cursum

530 4268 673 4325 nauseat
689 4258 813 4322 inlesus
825 4266 923 4342 atque
938 4257 1049 4322 titulis
1060 4259 1195 4343 spiritus
1209 4257 1245 4321 in
1257 4260 1461 4344 corruptibili
1471 4279 1568 4324 carne
1579 4259 1742 4326 inherent.

530 4371 561 4424 et
583 4366 657 4443 post
679 4357 715 4421 se
736 4358 930 4441 cuicumque
952 4357 1095 4422 uoluerit
1116 4357 1304 4441 perenniter
1325 4357 1438 4423 heredi
1459 4356 1664 4442 derelinquat
1683 4378 1743 4424 eeu

530 4475 626 4539 sapiu
649 4454 794 4518 diximus
810 4454 844 4518 in
859 4461 1012 4519 aternam
1035 4454 1252 4521 hereditatem
1266 4505 1275 4521 .
1291 4455 1343 4520 Sit
1356 4460 1468 4520 autem
1490 4455 1673 4541 predictum
1687 4477 1744 4522 rus

528 4553 612 4617 liber
625 4552 668 4615 ab
694 4551 784 4616 omni
811 4551 971 4618 mundiali
991 4551 1161 4619 obstaculo
1182 4573 1259 4620 cum
1279 4553 1433 4620 omnibus
1447 4553 1490 4619 ad
1514 4575 1549 4621 se
1570 4554 1633 4620 rite
1646 4556 1745 4640 perti·

1036 4680 1234 4744 hfflmss.
