3788 5498
439 456 505 520 450
809 475 996 525 nnmsrsu·
1010 475 1053 534 ro
1075 475 1122 524 sr.
1135 459 1259 565 rlutfs.
1291 504 1297 512 .
1470 423 1548 543 [an.-
1562 472 1637 540 939

432 624 536 690 buton
550 626 592 694 he
606 629 658 694 hit
670 629 730 695 her
743 651 788 697 ear
801 631 852 697 bis
868 631 961 697 sende
981 633 1025 696 lie
1047 628 1226 696 stidelioor¹
1241 630 1357 714 gebete
1372 629 1428 714 pis
1441 631 1535 694 otene
1548 646 1638 694 accan

433 723 506 788 God
521 727 563 790 de
577 725 620 790 ab
634 727 721 792 enlm
742 729 836 814 binga
853 729 1008 814 gepeald.
1025 729 1123 793 rorsi
1136 748 1174 813 pc
1194 748 1251 812 spa
1266 727 1403 793 festlioe
1416 731 1521 812 dyene
1537 724 1637 792 treola
1776 786 1777 791 ,

432 819 599 887 bebeodas
620 826 687 889 liet
707 846 744 910 pe
766 846 820 910 spa
839 835 950 891 meten
972 827 1021 891 eft
1050 825 1132 890 ealle
1157 825 1326 909 atgaedere
1355 825 1516 890 heoioncn
1541 821 1639 889 rioes²
1680 898 1682 901 v

432 918 571 1001 myrhbe
592 922 721 987 babbuu
743 924 811 988 mid
832 925 909 988 iiam
930 945 1011 990 ecan
1031 922 1122 988 Godc
1135 925 1180 988 ’de
1194 923 1238 986 ab
1253 923 1341 987 ealra
1356 924 1452 1008 pinge
1465 943 1505 1007 ge
1520 920 1637 1008 peald·

433 1015 542 1082 Amen
553 1066 563 1083 .

432 1175 479 1224 {kl
488 1175 537 1218 us.
547 1177 653 1230 Regitur
660 1181 686 1222 ot
695 1181 759 1224 neon
768 1182 816 1222 und
823 1179 925 1232 cuspus
940 1180 967 1222 ot
976 1179 1012 1221 St.
1059 1180 1111 1229 [0.]
1127 1179 1243 1229 medule,
1257 1179 1320 1221 ltoa.
1330 1180 1397 1232 1191.
1408 1179 1455 1230 (αι
1465 1178 1535 1230 lm),
1546 1177 1594 1221 vol.
1602 1175 1639 1226 lli.

484 1238 803 1294 ren·n‚1anuon.n.,r.ro.
830 1243 898 1294 (Now
911 1243 1012 1294 minua·
1108 1253 1133 1292 p.
1142 1243 1190 1283 θοι

344 1346 346 1350 ,
484 1301 712 1356 immobilium.)
1058 1302 1113 1357 [tc]
1127 1305 1235 1354 semble,
1249 1303 1300 1346 cod.
1316 1304 1388 1358 Dipt..
1400 1303 1445 1346 No.
1457 1313 1564 1350 nemu
1576 1300 1638 1344 bum

435 1362 889 1418 [ttlllnuy’ellssdnllscerdffloe.
1107 1365 1158 1416 [a]
1212 1390 1221 1402 =
1455 1385 1459 1392 ·

775 1799 847 1867 res.
869 1755 1070 1881 retusam
1083 1800 1123 1882 os
1139 1798 1199 1862 r'o.
1216 1797 1290 1866 ras.

895 1945 1018 2016 Eunru
1033 1951 1171 2018 Carra,

367 2107 368 2110 ¹
479 2088 520 2167 ›1‹
544 2086 586 2150 In
602 2092 720 2151 saneto
740 2087 870 2153 nominc
892 2088 994 2152 nostri
1017 2087 1188 2153 servatoris
1204 2087 1330 2152 Christi
1345 2137 1354 2162 ,
1368 2087 1427 2169 qui
1440 2106 1499 2151 nos
1514 2084 1638 2149 creavit

433 2183 565 2267 quando
580 2192 706 2249 nosmet
727 2185 789 2268 ipsi
811 2206 876 2249 non
896 2207 1024 2250 eramus
1039 2238 1048 2263 ,
1062 2195 1095 2251 et
1110 2208 1169 2251 nos
1191 2186 1332 2251 redemit
1346 2205 1421 2250 eum
1434 2205 1495 2249 sua
1510 2182 1639 2268 propria
1700 2248 1702 2254 ,

433 2284 504 2346 vita
519 2334 527 2358 ,
542 2283 672 2366 quando
682 2285 803 2367 perditi
813 2284 935 2348 fuimus
944 2307 985 2348 ex
994 2285 1117 2349 dialnli
1127 2285 1274 2349 doctrina
1288 2292 1340 2359 ‚et
1350 2284 1480 2368 penitus
1495 2281 1641 2345 damnati
1755 2362 1756 2365 Ἴ

434 2382 470 2444 in
490 2389 656 2445 aeternum
679 2382 816 2465 sulphur
830 2432 838 2458 ,
854 2383 910 2447 sed
931 2384 1002 2465 ejus
1022 2404 1138 2467 inagna
1160 2384 1336 2448 elementia
1352 2403 1411 2447 nos
1425 2381 1578 2445 liberavit
1598 2379 1640 2443 ab

435 2499 496 2543 eo.
540 2479 638 2542 Nunc
657 2499 716 2562 ego
731 2480 978 2543 Amasenus
994 2500 1050 2543 rex
1071 2501 1168 2563 super
1181 2480 1358 2565 Anglicam
1377 2487 1507 2564 gentem
1527 2487 1642 2543 uotum

435 2578 521 2642 facio
542 2578 623 2642 ineis
649 2578 849 2661 sapientibus
875 2578 970 2641 etin
995 2578 1058 2642 boe
1083 2580 1206 2662 scripto
1229 2579 1339 2643 verbis
1365 2577 1519 2643 confirmo
1533 2627 1542 2653 ,
1556 2575 1642 2660 quod

437 2676 581 2741 liberabo
591 2696 720 2740 omnem
731 2682 849 2740 terram
860 2675 902 2739 ad
911 2677 1017 2740 sancti
1025 2676 1119 2740 Pauli
1131 2678 1366 2741 monasterium
1382 2674 1644 2762 [spectantemP;

438 2787 473 2843 et
487 2779 621 2862 insuper
643 2779 837 2842 constituam
858 2779 947 2842 istud
970 2778 1178 2862 privilegium
1194 2778 1275 2854 ,hoc
1297 2786 1349 2844 est
1372 2777 1567 2862 singularem
1582 2777 1644 2841 im·

435 2878 629 2942 munitatem
645 2928 653 2954 ,
667 2877 703 2940 in
717 2876 846 2941 laudem
861 2878 967 2941 sancti
986 2872 1081 2940 Pauli
1102 2877 1193 2940 illius
1213 2878 1320 2942 sancti
1342 2876 1480 2960 apostoli
1495 2927 1504 2952 ,
1519 2876 1573 2941 cui
1587 2875 1645 2941 hie
1770 2882 1774 2889 ’

436 2976 527 3039 locus
543 2987 593 3039 est
609 2984 751 3039 sacratus
766 3024 774 3050 ,
789 2975 823 3037 in
841 2976 968 3039 animae
990 2996 1081 3039 meae
1100 2975 1358 3059 redemptionem
1385 2981 1419 3038 et
1440 2981 1645 3058 pcccatorum
1708 2978 1717 2992 '

438 3093 581 3137 meorum
599 3072 817 3136 remissionem
833 3122 841 3147 ,
856 3073 1036 3136 secuudum
1051 3073 1138 3156 quod
1156 3073 1263 3137 Sebba
1278 3094 1336 3137 rex
1351 3071 1489 3136 eundem
1509 3069 1643 3156 [locum]
1736 3085 1737 3088 ’

437 3171 542 3254 primo
557 3169 708 3233 liberarit
723 3178 776 3247 ,et
790 3177 921 3234 sanctus
932 3169 1168 3234 Erkennnldus
1180 3191 1339 3254 ;quorum
1353 3170 1449 3233 ambo
1464 3190 1503 3234 eo
1520 3189 1555 3234 se
1568 3189 1645 3233 eon·
1713 3231 1720 3237 .

437 3272 585 3336 tulerunt
599 3322 608 3347 ‚
623 3272 755 3335 omniuo
774 3272 845 3337 Deo
862 3272 1081 3338 inservierunt
1095 3283 1128 3339 et
1142 3271 1239 3337 illum
1253 3272 1362 3337 locum
1377 3271 1619 3355 locupletarunt
1633 3322 1643 3348 ‚

437 3394 640 3457 magnusque
658 3373 716 3438 illc
736 3374 906 3459 episcopus
927 3383 1059 3439 sanctus
1081 3374 1320 3439 Erkenwaldus
1334 3373 1417 3438 illud
1437 3372 1644 3456 prisilegium

438 3474 626 3556 impetravit
640 3473 751 3537 Romae
766 3474 851 3559 quod
866 3474 902 3537 in
916 3473 979 3538 hoc
994 3473 1107 3538 charta
1117 3474 1271 3538 scribitur
1285 3497 1295 3552 ;
1309 3479 1344 3537 et
1357 3471 1454 3557 plura
1467 3470 1532 3534 alia
1546 3471 1647 3554 privi-

439 3572 522 3656 legia
534 3572 587 3637 hic
602 3572 824 3636 inscribuntur
835 3625 843 3651 ,
854 3592 927 3655 quae
938 3573 1005 3637 mei
1012 3572 1264 3657 predecessores
1277 3572 1460 3654 irrogarunt
1474 3569 1509 3632 iu
1523 3569 1647 3632 animu-

439 3692 513 3734 rum
528 3688 658 3735 suarum
674 3669 951 3753 redemptionem.

487 3770 551 3847 Qui
566 3769 627 3832 boc
641 3767 847 3851 privilegium
867 3768 1038 3832 adauxerit
1052 3819 1061 3844 ,
1074 3769 1166 3834 Dens
1187 3767 1260 3851 ejus
1275 3766 1379 3830 vitam
1394 3765 1429 3828 in
1442 3763 1505 3829 hoe
1523 3763 1646 3828 mundo

441 3865 637 3953 [conservet]
659 3918 667 3944 ,
689 3872 724 3931 et
745 3868 776 3931 ci
796 3866 951 3931 eoelomm
971 3867 1063 3951 regni
1087 3866 1207 3952 gaudia
1226 3863 1384 3930 concedat
1411 3861 1542 3946 quando
1566 3862 1645 3926 hinc

386 3982 388 3987 '
443 3966 637 4031 decesserit.
677 3965 741 4042 Qui
750 3985 826 4029 vero
837 3966 916 4047 quid
931 3965 1025 4029 illinc
1039 3965 1211 4030 abstulerit
1223 3962 1451 4029 siveinalium
1460 3982 1556 4024 usum
1570 3981 1647 4026 con·

443 4064 577 4128 verterit
592 4114 600 4138 ,
614 4063 708 4128 aliter
722 4062 845 4128 scilicet
859 4083 958 4147 quam
966 4063 1022 4128 hic
1032 4063 1289 4147 suprascriptum
1304 4055 1427 4138 est',sit
1437 4061 1507 4142 ejus
1518 4060 1585 4122 rita
1595 4059 1649 4122 liic

444 4161 630 4238 decurtata,
643 4169 678 4225 et
691 4159 820 4244 quando
838 4160 917 4225 binc
931 4160 1105 4226 decesserit
1125 4181 1254 4245 semper
1276 4159 1321 4223 sit
1342 4160 1413 4242 ejus
1433 4156 1592 4221 habitatio
1613 4157 1649 4220 in

330 4323 332 4327 .
444 4260 563 4324 inserui
580 4258 681 4331 fundo
696 4310 704 4336 ,
718 4258 782 4322 nisi
803 4258 838 4322 id
858 4259 913 4323 hic
935 4269 1012 4324 ante
1034 4259 1131 4323 finem
1148 4280 1246 4322 suum
1261 4255 1451 4341 diligentins
1465 4263 1651 4338 compenset

445 4356 533 4441 apud
552 4364 718 4421 aeternum
738 4356 844 4421 Deum
866 4358 925 4440 qui
944 4358 1091 4421 omnium
1110 4378 1220 4422 rarum
1242 4355 1343 4420 babet
1363 4360 1579 4439 potestatem.
1595 4353 1651 4417 Id·

446 4456 531 4519 circo
551 4463 618 4519 tam
633 4454 769 4519 firmiter
781 4454 843 4519 hoe
856 4455 1065 4540 privilegium
1088 4456 1283 4542 [observari]
1298 4453 1509 4540 praecepimus
1524 4498 1536 4535 ,
1551 4460 1589 4515 ut
1602 4453 1650 4516 ite

576 4644 586 4678 ¹
602 4646 676 4696 rus·
687 4647 823 4709 aueum,
835 4645 888 4708 ης
903 4648 947 4703 ta
958 4647 1053 4710 uun,
1065 4646 1100 4699 o.
1233 4695 1236 4700 ,
1282 4622 1307 4680 ’·
1323 4647 1424 4698 mua.
1437 4644 1470 4696 ο.
1484 4643 1520 4696 re

575 4725 656 4777 'rua
668 4729 750 4777 mede
760 4729 787 4778 in
798 4729 916 4778 bracket·
926 4745 970 4778 are
980 4729 1098 4794 supplied
1108 4730 1144 4794 ¹25
1156 4728 1193 4781 Κ.
