3788 5498
327 665 446 742 '436
614 721 617 728 -
741 693 921 746 nonsrsu
944 694 985 744 su
1007 693 1221 744 rmrursrsu.
1420 678 1498 765 [au.
1512 679 1588 759 938.

376 848 463 933 jussi
477 899 486 914 .
500 857 601 934 atque
615 851 651 914 in
666 872 705 916 ea
718 874 777 937 pro
798 850 1002 936 indulgentia
1023 855 1227 936 peccatorum
1246 871 1392 916 meorum
1405 851 1590 917 libertatem

379 950 534 1012 renovavi
548 969 648 1033 quam
663 950 862 1016 AE'telheard
879 949 1074 1033 rexdudum
1090 949 1282 1013 constituit!
1298 951 1377 1034 quia
1390 951 1465 1015 vola
1480 958 1520 1015 ut
1532 969 1592 1035 pro

379 1065 459 1130 pace
488 1047 580 1130 regni
609 1056 645 1112 et
673 1051 781 1133 gentis
811 1049 918 1114 salute
948 1048 1091 1114 ecclesia
1120 1047 1297 1113 Uuentana
1317 1070 1393 1132 quse
1415 1056 1516 1133 caput
1536 1054 1588 1112 est

380 1142 589 1208 ecclesiarum
604 1167 678 1230 que
701 1149 736 1211 in
759 1148 1008 1213 occidentalium
1026 1148 1193 1211 Saxonum
1207 1148 1385 1231 provinciis
1399 1155 1594 1213 construun-

383 1245 461 1305 tur!
482 1249 638 1307 {eternum
653 1243 840 1310 libertatem
855 1259 889 1311 et
903 1246 1117 1310 reverentiam
1140 1254 1173 1309 et
1194 1243 1450 1310 dominationem
1471 1245 1593 1330 princi·

382 1343 491 1428 palem
506 1345 578 1410 sine
593 1346 658 1412 fine
673 1349 837 1432 possideat
852 1374 861 1430 ;
1675 1414 1677 1417 ,

428 1443 578 1509 Prefatus
601 1453 712 1510 autom
729 1469 784 1512 rex
800 1447 999 1513 AEtellreurd
1014 1447 1098 1511 sicut
1120 1456 1250 1530 rogatus
1275 1447 1338 1510 luit
1359 1468 1379 1510 a
1402 1448 1593 1532 Fryllegyba

383 1542 496 1626 regina
510 1542 601 1608 dedit
617 1545 657 1608 ad
675 1546 939 1610 villastu'uuu
955 1567 1026 1631 qme
1042 1566 1129 1610 nuuc
1144 1552 1194 1609 est
1208 1545 1367 1629 possessio
1381 1552 1415 1609 ct
1429 1545 1593 1610 hereditas

384 1641 578 1726 episcopalis
602 1643 786 1710 Uueutsuse
809 1645 952 1711 ecclesiae
972 1697 980 1712 .
1002 1652 1098 1709 11110‘.
1112 1654 1245 1707 nrunsas
1260 1644 1294 1707 iu
1310 1644 1380 1707 loco
1395 1644 1453 1727 qui
1474 1643 1596 1708 dicitur

385 1739 574 1823 P1u10sus.
590 1743 633 1806 ad
654 1764 775 1827 pascua
797 1766 972 1829 pecorum.
989 1750 1045 1808 et.
1060 1752 1146 1808 ΠΨ.
1162 1743 1197 1807 iu
1213 1742 1285 1806 loco
1303 1741 1361 1824 qui
1377 1741 1495 1806 cmm
1510 1761 1596 1805 nun·

384 1846 524 1922 cupatur
534 1840 575 1904 ad
588 1843 790 1925 coquendam
800 1844 876 1908 salis
887 1843 1012 1927 copiam
1025 1892 1032 1906 .
1045 1842 1595 1908 Istammanten1.tu1.mansaru1u
1608 1899 1612 1907 .
1632 1847 1636 1855 '
1652 1888 1656 1893 -

295 1943 297 1952 '
385 1938 554 2020 quantitas
568 1989 576 2002 .
589 1940 680 2022 justo
695 1941 791 2006 ualde
811 1941 935 2023 judicio
957 1940 1058 2004 totius
1073 1939 1185 2023 populi
1201 1947 1235 2003 et
1249 1939 1411 2002 seniorum
1426 1942 1461 2001 et
1474 1936 1597 2021 prima·

385 2041 458 2097 tum
472 2034 582 2100 ablata
598 2038 663 2102 fuit
677 2039 719 2102 ab
734 2040 780 2103 eis
795 2040 852 2122 qui
867 2059 979 2102 eorum
1002 2057 1198 2122 possessores
1220 2037 1376 2100 luerunt!
1392 2036 1469 2120 quia
1484 2042 1597 2119 aperto

385 2133 522 2196 crimine
544 2135 768 2220 firmiusque
790 2139 832 2201 ad
855 2146 991 2201 mortem
1014 2137 1146 2199 obnoxii
1167 2134 1294 2199 inventi
1313 2143 1391 2198 suut
1406 2186 1413 2199 .
1430 2185 1438 2209 ,
1454 2134 1598 2218 Ideoque

386 2228 553 2295 decretum
576 2242 627 2297 est
649 2235 690 2298 ub
713 2236 802 2299 omni
825 2235 946 2319 populo
968 2242 1006 2298 ut
1025 2235 1100 2298 libri
1122 2234 1252 2298 illorum
1267 2254 1349 2318 quos
1364 2234 1406 2298 ad
1420 2233 1480 2297 has
1496 2242 1598 2297 terras

301 2405 306 2416 Ι
386 2328 528 2394 abebant
549 2333 746 2397 eternaliter
770 2333 1026 2417 demonstrentur
1047 2340 1056 2393 t
1078 2339 1112 2397 et
1142 2333 1340 2416 quicumque
1363 2352 1419 2396 eos
1444 2332 1480 2395 in
1507 2331 1600 2413 adju·

387 2427 508 2490 terium
535 2430 586 2493 sui
618 2452 774 2515 umquam
808 2434 950 2516 prolerre
980 2437 1213 2516 presumeret!
1240 2429 1535 2495 anathematizatus
1565 2437 1601 2494 et

388 2526 581 2592 maledictus
597 2529 638 2592 ab
653 2531 804 2595 omuibus
819 2530 1004 2595 christianis
1019 2531 1214 2594 haberetur.
1230 2581 1239 2605 ,

432 2624 502 2690 Nos
534 2647 664 2710 quoque
696 2630 815 2693 nostris
845 2630 1044 2712 temporibus
1074 2628 1289 2712 dampnamus
1315 2636 1349 2692 et
1375 2626 1601 2691 maledicimus

388 2743 519 2788 omnem
533 2725 699 2790 hominem
723 2729 780 2813 qui
802 2728 986 2792 libertatem
1001 2735 1120 2791 sancte
1135 2736 1169 2791 et
1186 2729 1256 2791 Deo
1270 2725 1398 2791 dilectae
1415 2726 1601 2792 Uuentauae

389 2822 533 2887 ecclesiae
548 2825 582 2888 in
600 2827 725 2909 magnis
740 2827 793 2890 vel
816 2827 851 2890 in
874 2826 1009 2890 modicis
1031 2846 1234 2908 corrumpere
1250 2846 1307 2888 scu
1323 2825 1507 2888 diminuere
1530 2845 1603 2908 pre·

391 2921 590 3004 sumpserit!
608 2943 667 2987 nec
690 2924 809 2988 habeat
830 2924 1042 2988 hereditatem
1064 2924 1097 2986 iu
1127 2943 1226 3005 reguo
1242 2922 1363 2986 Christi
1379 2931 1413 2986 et
1427 2921 1492 2985 Dei
1506 2927 1515 2981 t
1530 2921 1603 3005 qui·

391 3037 532 3102 cumque
553 3019 866 3086 buicsanctissimae
889 3021 1030 3107 ecclesiae
1056 3020 1208 3083 inimicus
1231 3017 1284 3083 uel
1307 3021 1511 3083 aduersarius
1533 3019 1603 3084 siue

391 3117 625 3182 exterminator
654 3120 801 3184 extiterit
831 3172 837 3183 .
869 3120 932 3183 nisi
963 3126 1038 3183 utute
1068 3119 1166 3183 finem
1197 3139 1293 3182 suum
1324 3139 1400 3181 cum
1430 3118 1604 3182 manifesta

391 3214 594 3298 poenitentia
616 3217 805 3302 maliti[am]
836 3238 925 3281 suum
954 3216 1139 3301 purgaverit
1165 3263 1204 3292 .‚
1229 3215 1273 3278 Et
1298 3215 1496 3300 quicumque
1526 3215 1605 3280 huic
1658 3264 1664 3275 .

268 3341 270 3344 ·
393 3312 538 3379 ecclesie
568 3315 699 3398 adjutor
728 3325 763 3380 et
791 3317 916 3380 amicus
945 3335 1014 3379 esse
1050 3314 1214 3379 studuerit
1243 3362 1250 3376 .
1281 3313 1541 3377 benedictionem
1571 3320 1606 3377 et

394 3411 533 3476 salutem
548 3411 680 3497 longam
696 3461 705 3478 .
720 3423 755 3478 et
769 3414 959 3478 felicitatem
974 3421 1175 3496 temporum.
1191 3418 1226 3476 et
1241 3410 1477 3494 indulgentium
1493 3430 1606 3494 pecca·

394 3517 502 3572 torum
517 3515 526 3568 ί
542 3517 642 3595 utque
667 3514 854 3577 societatem
876 3513 966 3596 regui
988 3512 1173 3577 caelorum!
1194 3517 1411 3594 consequatur
1434 3510 1471 3573 in
1496 3509 1607 3574 secula

394 3607 578 3673 seculorum
588 3633 643 3674 :-
1079 3614 1080 3617 ’

439 3705 575 3771 Limites
590 3717 748 3772 termnum
763 3708 980 3791 predictarum
995 3706 1224 3771 diffunduntur
1238 3707 1324 3771 sicut
1338 3725 1444 3769 sermo
1458 3703 1608 3790 anglicus

395 3813 557 3868 monstrat
571 3806 774 3891 subsequens
788 3856 795 3870 .

443 3905 484 3984 ᾧ
499 3903 611 3968 AErest
625 3926 668 3969 on
683 3906 799 3989 uciugc
814 3905 929 3969 lordof
944 3907 1010 3969 ltaes
1022 3902 1184 3992 [cJumbes
1199 3902 1315 3968 heafde
1329 3923 1373 3967 on
1389 3893 1470 3988 pone
1482 3901 1609 3968 smalan

397 4025 455 4090 peg
477 4006 559 4088 burh
582 4009 668 4072 done
691 4029 762 4073 mor
783 4017 817 4072 to
832 4007 1018 4092 pidigslsede
1040 4011 1102 4092 luet
1123 4014 1157 4072 to
1171 4007 1333 4071 brocenan
1348 4005 1464 4088 beorge
1480 4055 1488 4070 .
1504 4026 1560 4091 spa
1575 4014 1610 4070 to

396 4101 485 4189 pudu
510 4104 604 4168 forda
630 4155 637 4170 .
664 4109 689 4191 p
713 4115 748 4170 to
772 4106 870 4170 lullcs
896 4106 1035 4189 beorge.
1059 4126 1115 4190 apa
1138 4106 1213 4169 fort
1238 4102 1549 4188 31ang[h]arpates
1574 4111 1610 4168 to

397 4211 634 4284 magenstsnes
656 4204 738 4269 dene
761 4224 815 4288 spa
837 4214 871 4269 to
893 4203 1071 4289 pibleagate
1086 4208 1110 4290 p
1126 4211 1161 4267 to
1182 4202 1315 4267 naedran
1331 4202 1446 4285 beorge
1460 4250 1470 4265 .
1483 4205 1509 4287 15
1523 4201 1610 4266 toth

398 4303 481 4386 pone
495 4320 567 4364 mor
582 4302 690 4365 beriht
703 4323 742 4386 gc
757 4323 855 4367 maere
869 4323 912 4367 on
927 4304 1016 4387 pibig
1031 4324 1102 4366 mor
1114 4305 1181 4367 dect
1196 4303 1243 4366 eft
1258 4322 1301 4364 on
1315 4300 1433 4382 ucingc
1448 4300 1522 4364 iord
1537 4350 1547 4367 .

447 4398 487 4476 ›1‹
498 4397 610 4463 AErest
622 4401 658 4463 ol
670 4421 713 4464 sae
728 4421 825 4484 upon
837 4400 1007 4481 hengestus
1023 4402 1089 4484 rige
1101 4452 1108 4466 .
1120 4403 1229 4464 bonan
1242 4400 1324 4463 norb
1334 4420 1375 4461 on
1385 4398 1545 4482 gyrdpeg.
1557 4420 1613 4482 spa

400 4495 485 4559 norb
499 4495 598 4580 Jlaug
621 4497 747 4581 hricges
769 4519 812 4561 on
835 4497 1081 4580 middepeardua
1104 4498 1242 4561 sealtera
1264 4497 1384 4560 cumb.
1400 4499 1425 4580 p
1441 4495 1481 4559 be
1497 4498 1613 4562 cumbe

400 4595 457 4678 ing
472 4615 516 4658 ou
537 4594 636 4659 holan
660 4582 736 4660 bmc
756 4600 781 4682 p
803 4595 901 4679 plang
916 4605 1070 4660 streames
1098 4595 1156 4679 inq
1184 4615 1228 4659 on
1242 4594 1316 4658 hlos
1329 4613 1404 4657 moc
1417 4642 1426 4657 .
1440 4593 1549 4658 adune
1570 4615 1614 4659 on

401 4699 522 4757 stream
545 4714 590 4757 on
617 4695 728 4758 seolan
752 4715 868 4759 aeceras
892 4744 901 4760 .
924 4699 988 4780 baer
1017 4695 1053 4758 ol
1080 4702 1218 4759 streame
1246 4693 1295 4757 eft
1326 4692 1472 4755 onbutan
1502 4693 1613 4758 seofun

402 4810 519 4856 seueras
532 4842 542 4856 .
557 4791 607 4856 eft
620 4794 684 4857 sud
699 4814 742 4857 on
755 4792 918 4858 hlosmoc
932 4844 940 4858 .
954 4793 1021 4858 oaet
1043 4794 1150 4857 adum
1171 4813 1216 4857 on
1237 4799 1357 4857 stream
1380 4790 1425 4853 oli
1448 4789 1493 4853 da
1515 4809 1613 4856 suren

403 4888 701 4976 spument
721 4912 763 4956 on
787 4895 833 4955 ba
857 4893 940 4955 nort
965 4891 1193 4978 repebauan
1215 4890 1264 4954 eft
1285 4890 1355 4954 oler
1376 4907 1452 4952 cern
1474 4907 1519 4952 ou
1538 4895 1637 4974 gata·
1708 4980 1710 4986 Ι
1766 4876 1770 4882 ’
