3788 5498
512 426 580 492 408
868 441 1045 490 arenaria·
1069 441 1112 491 ru
1134 441 1361 493 urucnnsrm.
1468 409 1471 415 ’
1545 426 1624 513 [aa.
1637 442 1714 507 934

514 596 647 662 solicola
672 607 707 662 at
733 598 914 662 chroxn
940 598 1085 662 vocitant
1114 597 1255 662 libenter
1278 600 1396 677 tribuo,
1418 608 1469 665 cte
1491 647 1500 666 .
1522 649 1530 664 .
1552 648 1561 664 .
1582 646 1591 662 .
1613 597 1716 679 (asin

430 739 437 750 .
514 695 575 758 d'o.
586 694 663 780 702)
674 695 832 779 quamdiu
846 697 936 760 vivat
949 696 1069 762 habeat
1078 748 1089 773 ‚
1099 705 1133 761 et
1147 705 1221 781 post
1236 718 1302 762 suae
1317 698 1511 765 decessionis
1525 696 1716 763 transitum.

515 792 709 879 cuicumque
731 793 871 858 voluerit
891 793 1001 858 heredi
1023 793 1202 859 liberaliter
1223 816 1262 860 ac
1284 797 1479 863 aeternaliter
1501 793 1717 863 contradendo

514 890 754 975 imperpetuum
770 891 993 974 derelinquat.
1011 893 1045 957 Si
1061 894 1136 976 quis
1158 902 1268 958 autern
1290 896 1377 978 quod
1393 897 1501 974 absit,
1516 895 1633 979 aliquis
1648 893 1718 976 tipo

516 989 681 1071 supercilii
697 998 830 1073 turgens
855 990 939 1053 hanc
962 1011 1041 1054 urae
1064 991 1249 1055 donationis
1272 994 1474 1058 breviculam
1497 1044 1505 1070 ,
1528 994 1562 1057 in
1583 990 1719 1056 modicis

514 1086 584 1151 sire
599 1088 634 1150 in
650 1089 775 1172 magnis
790 1088 908 1152 elidere
918 1088 969 1152 rel
982 1089 1156 1173 infringere
1172 1094 1382 1174 temptaverit
1397 1095 1478 1158 sciat
1493 1113 1527 1158 se
1543 1090 1718 1156 norissima

516 1186 768 1250 examinationis
793 1186 845 1249 die
872 1185 1004 1250 classim
1033 1188 1219 1274 archangeli
1246 1189 1418 1274 clangente
1448 1191 1584 1255 buccina
1611 1238 1619 1264 ,
1643 1206 1719 1251 cnm

515 1283 540 1345 J
542 1284 606 1347 uda
629 1284 789 1367 proditore
813 1285 869 1368 qui
895 1306 914 1348 a
938 1287 1053 1350 satoris
1068 1286 1122 1369 pio
1138 1295 1208 1351 sato
1223 1334 1233 1351 .
1248 1296 1265 1321 “
1277 1287 1365 1352 filins
1379 1287 1585 1373 perditionis”
1601 1285 1721 1349 dicitur

516 1381 690 1466 impiisque
720 1392 753 1448 et
783 1383 967 1447 infidelibus
991 1384 1118 1449 ludaeis
1148 1386 1315 1451 Christum
1341 1409 1395 1451 ore
1426 1385 1579 1470 sacrilego
1604 1385 1639 1447 in
1665 1402 1722 1446 ara

516 1480 623 1544 crucis
637 1481 763 1545 mundi¹
778 1481 958 1546 diluentem
980 1483 1118 1546 crimina
1133 1482 1445 1568 blasphemantibus,
1458 1493 1502 1549 rto
1502 1531 1622 1552 ......
1633 1503 1670 1567 at
1682 1483 1721 1545 in

516 1576 575 1642 No.
592 1580 671 1661 703)
686 1585 918 1644 tormentorum
934 1579 1073 1645 flaminia
1088 1583 1268 1667 periturum
1283 1634 1291 1649 .

564 1676 674 1761 Hujus
690 1699 828 1762 namque
842 1699 863 1742 a
876 1678 947 1743 Deo
962 1679 1157 1764 dominoque
1176 1681 1281 1746 Jhesu
1298 1682 1428 1748 Christo
1450 1681 1605 1764 inspirate
1624 1685 1723 1762 atquc

518 1774 838 1841 inventerolrnrtatis
847 1775 959 1858 cedula
968 1797 1053 1841 auno
1062 1777 1223 1844 dominice
1233 1780 1722 1844 incarnacionisnccccxarnn.

518 1874 697 1940 indictione
709 1876 847 1958 septima
858 1884 971 1959 epacta
986 1925 994 1940 .
1010 1893 1088 1940 xlm
1103 1928 1111 1940 .
1128 1887 1361 1943 concurrente.
1378 1896 1402 1943 11
1419 1930 1426 1944 .
1442 1878 1515 1942 idus
1525 1874 1723 1960 Septembris

518 1971 598 2036 luna
608 2024 616 2038 .
627 1989 710 2037 xxix
721 2026 728 2039 .
741 1976 776 2037 in
788 1974 941 2058 villaque
954 1974 1162 2059 Bukinghanr
1177 1976 1297 2041 dieitur
1309 1988 1379 2041 tota
1390 1983 1611 2062 magnatorum
1626 1993 1723 2058 gene-

520 2069 650 2135 ralitate
676 2072 737 2135 sub
760 2071 848 2135 ulnis
873 2073 959 2157 regie
974 2073 1179 2156 ,dapsilitatis
1201 2077 1313 2138 oranti
1345 2075 1524 2158 perscripta
1552 2081 1602 2137 est
1630 2071 1724 2154 cnjus

519 2169 620 2233 etiam
642 2171 831 2234 inconcusse
853 2171 1028 2254 primitatis
1050 2174 1226 2237 auctoritas
1244 2173 1309 2237 hiis
1330 2175 1467 2238 testibus
1488 2173 1632 2237 roborata
1647 2190 1725 2236 con·

519 2275 587 2332 stat
601 2318 610 2344 ,
624 2289 763 2352 quorum
777 2270 909 2333 nomina
923 2270 1040 2335 subtus
1054 2271 1212 2355 deputata
1226 2281 1426 2337 annotantur
1441 2323 1449 2339 .

653 2408 693 2486 ᾧ
717 2405 786 2489 Ego
800 2405 1026 2483 Atlrelstanus,
1040 2415 1092 2472 cta
1115 2459 1123 2474 .
1146 2459 1153 2473 .
1176 2461 1184 2474 .
1207 2460 1215 2474 .
1239 2412 1290 2492 (aa
1303 2412 1341 2474 ia
1356 2412 1414 2475 No.
1430 2411 1519 2493 703).

653 2506 787 2590 ›11Ego
813 2505 1047 2571 Constantinus
1080 2509 1273 2593 subregulus
1305 2511 1454 2575 consensi
1488 2516 1521 2574 et
1549 2508 1728 2592 subscripsi

784 2625 859 2670 cnm
874 2605 988 2672 multis
1002 2605 1099 2672 aliis.

574 2765 957 2820 [anomuaarooctcnr.
1200 2770 1253 2821 [aa
1262 2771 1370 2823 mure,
1379 2768 1672 2823 connumeretur.

574 2831 754 2884 [cauma-10,
762 2830 1062 2885 noan-watenes
1122 2771 1130 2900 l

528 3207 603 3273 705.
628 3206 731 3295 Graia
748 3205 788 3288 by
803 3205 894 3287 Kiay
907 3205 1076 3269 AEerlaaa
1093 3213 1126 3268 to
1147 3205 1337 3270 Wr'aclrrshr
1353 3203 1535 3280 Outhcrlrol,
1548 3205 1587 3286 os
1603 3202 1683 3266 lund
1697 3211 1733 3266 ot

614 3305 779 3389 Eatdsord
792 3325 828 3367 or
838 3304 975 3387 Easmtl,
988 3326 1030 3369 co.
1050 3304 1151 3367 nuta
1212 3305 1289 3366 leth
1304 3303 1476 3382 Damahr,
1491 3317 1554 3367 hl).
1571 3301 1643 3366 934.

531 3441 600 3507 Dis
615 3459 646 3508 rs
661 3447 748 3530 pana
763 3493 771 3508 .
788 3458 858 3506 xxx
870 3493 877 3506 .
888 3457 970 3506 nura
983 3457 1045 3505 noc
1060 3457 1102 3504 ro
1117 3440 1322 3504 mrnronna
1338 3491 1346 3504 .
1361 3459 1382 3522 3
1397 3442 1482 3524 paru
1494 3488 1502 3503 .
1514 3453 1536 3501 x
1548 3486 1555 3500 .
1567 3452 1618 3498 ar
1629 3435 1734 3500 Cron-

614 3556 870 3606 commemora
894 3562 914 3622 Ἰ
941 3542 1052 3625 pana.
1068 3555 1113 3602 x.
1130 3554 1181 3601 ar
1202 3538 1407 3602 AEscuanrs
1432 3551 1560 3615 pianr.
1603 3535 1731 3599 Donnu

615 3641 820 3706 AEnrrsraar
835 3654 953 3703 arms.

571 3755 741 3840 Regnante
764 3765 798 3820 et
821 3754 1007 3818 moderante
1029 3753 1163 3817 domino
1192 3762 1302 3816 nostro
1332 3751 1438 3816 Jhesu
1468 3750 1619 3816 Christo.
1664 3748 1734 3832 Ego

529 3855 765 3919 AEnuusrants
780 3875 836 3918 rex
852 3862 886 3918 et
899 3861 1004 3917 rector
1018 3853 1122 3916 totius
1135 3852 1234 3935 hujus
1249 3852 1443 3915 Brittanniae
1458 3849 1562 3914 insule
1576 3848 1734 3932 largiente

529 3952 662 4018 domino
677 3963 710 4018 et
724 3953 876 4017 omnibus
887 3952 957 4035 ejus
973 3952 1096 4016 sanctis
1110 3956 1118 4011 Ξ
1134 3951 1194 4015 has
1216 3958 1319 4014 terras
1333 3950 1419 4014 dono
1433 3948 1626 4013 atemaliter
1640 3948 1735 4011 fami·

526 4051 582 4116 lire
612 4052 763 4117 aecclesiae
794 4059 913 4115 sanctae
942 4049 1114 4114 Trinitatis
1129 4055 1137 4110 t
1152 4069 1225 4132 qnae
1249 4049 1354 4113 estin
1373 4048 1556 4111 Wturoxla
1577 4046 1734 4110 civitate.

528 4151 620 4215 intus
634 4153 675 4218 ad
691 4151 897 4217 relectorium
913 4149 1068 4214 fratribus
1082 4156 1117 4213 et
1131 4147 1172 4212 ad
1187 4148 1383 4212 vestimenta
1397 4196 1405 4210 .
1421 4145 1486 4210 Sed
1500 4145 1735 4228 etquicunque

530 4251 702 4335 episcopus
716 4251 773 4335 qui
790 4258 868 4313 tunc
881 4247 1075 4332 superfuerit
1089 4253 1099 4306 t
1114 4245 1268 4329 illiusque
1279 4246 1430 4310 aecclesiae
1445 4244 1587 4326 regimen
1601 4251 1712 4308 teneat
1727 4265 1737 4319 ;

532 4370 588 4414 eos
602 4349 642 4415 de
658 4350 725 4414 suis
747 4348 886 4433 propriis
908 4345 1145 4431 episcopalibus
1167 4344 1257 4408 tiliis
1279 4344 1419 4428 pleniter
1440 4347 1552 4427 paseat
1565 4345 1575 4401 t
1589 4342 1674 4406 sicut
1694 4340 1737 4405 ab

530 4449 677 4532 antiquis
706 4447 908 4532 temporibus
937 4445 1002 4509 illi²
1030 4443 1213 4508 honorabili
1246 4443 1378 4506 familiae
1399 4449 1408 4503 t
1428 4440 1466 4504 *a'
1480 4465 1484 4473 ·
1497 4439 1738 4505 venerabilibus

530 4547 679 4629 patribus
709 4547 925 4610 constitutum
956 4544 1043 4609 fuit.
1088 4543 1170 4607 Haec
1198 4551 1309 4607 antem
1331 4550 1409 4605 suut
1430 4540 1563 4603 nomina
1583 4538 1737 4603 villarum

531 4644 632 4729 hujus
660 4665 741 4711 meae
770 4643 984 4709 donationis!
1005 4640 1069 4706 hoe
1097 4647 1149 4706 est
1173 4642 1209 4705 in
1232 4640 1428 4705 monasterio
1450 4638 1538 4724 quod
1559 4639 1600 4703 ab
1622 4637 1738 4703 incolis

596 4795 606 4830 ¹
625 4797 726 4860 Mundi,
737 4795 859 4857 omitted
872 4792 908 4846 Κ.
1039 4791 1052 4824 ⁸
1067 4791 1123 4852 ule,
1134 4791 1198 4842 with
1209 4806 1222 4844 c
1233 4790 1391 4866 cxpnncud,
1404 4788 1456 4840 and
1466 4787 1607 4852 iorerlinc.
1618 4787 1672 4840 ita
