3788 5498
295 525 300 534 “
383 532 449 598 538
776 550 945 600 nannum
966 549 1010 599 ro
1030 549 1199 601 marsuan
1421 533 1498 618 [an.
1514 549 1591 614 944

383 724 455 768 rum
478 711 600 769 etatum
622 705 830 789 procidentes
852 706 990 791 posteris
1012 704 1261 772 succedentibus
1282 705 1500 791 profuturnm¹
1521 724 1592 771 esse

383 799 583 868 decrevimus
608 853 616 867 .
639 809 677 866 ut
698 824 736 867 ea
758 825 831 887 quae
853 805 1018 868 communi
1046 811 1153 868 tractu
1175 805 1298 869 salubri
1319 805 1453 870 consilio
1478 802 1594 869 defini·

382 906 484 964 untur
497 902 591 965 sertis
605 901 761 966 litterulis
776 903 925 966 roborata
940 902 1189 967 confimreutur.
1646 883 1653 898 ’

427 997 498 1074 Qua
527 1005 658 1082 propter
679 1018 737 1081 ego
760 1050 767 1063 .
791 1000 1009 1064 Fanin'snns
1031 1049 1040 1064 .
1062 1021 1118 1064 rex
1141 999 1322 1084 Auglorum
1352 1007 1595 1083 ceterarumque

382 1095 528 1179 gentium
548 1097 584 1160 in
606 1096 744 1160 circuitu
768 1099 1014 1181 persistentium
1036 1098 1233 1181 gubernator
1260 1106 1294 1163 et
1315 1106 1440 1163 rector.
1464 1097 1594 1162 cuidam

383 1193 464 1256 mihi
487 1194 673 1259 fidelissimo
696 1195 845 1259 ministro
874 1196 1006 1260 nomine
1030 1246 1038 1261 .
1062 1196 1267 1260 AEnrsrano²
1290 1243 1299 1261 .
1321 1196 1501 1261 devotionis
1522 1196 1594 1277 ejus

383 1289 527 1355 sollertia
549 1291 758 1376 ejusdemque
779 1293 929 1376 placatus
953 1293 1108 1377 obsequio
1123 1344 1131 1358 .
1146 1293 1300 1378 diguatus
1321 1315 1394 1358 sum
1411 1293 1596 1377 impertiri.

383 1386 435 1452 bis
453 1409 545 1453 senas
568 1411 696 1456 mansas
712 1443 718 1455 .
735 1392 823 1476 quod
847 1392 1025 1475 Cantigeue
1048 1391 1185 1456 dicunt.
1202 1393 1285 1476 tpclf
1297 1393 1434 1474 erdeurqo
1448 1441 1456 1456 .
1472 1391 1514 1456 In
1536 1391 1596 1457 illo

383 1484 454 1550 loco
468 1487 524 1551 ubi
535 1489 730 1570 jamdudum
746 1489 876 1554 solicole
892 1490 982 1552 illius
997 1489 1137 1573 regionis
1153 1511 1272 1554 nomen
1287 1491 1528 1575 imposuerunt.
1543 1505 1596 1554 m·

383 1586 628 1651 menorans
643 1638 650 1652 .
665 1588 735 1651 Tali
751 1596 862 1652 cirtem
874 1596 987 1653 tenore
1001 1588 1064 1652 boc
1079 1589 1220 1671 pretate
1232 1589 1461 1652 munificentiae
1476 1609 1596 1652 munus

384 1684 539 1748 tradendo
562 1687 707 1750 concessi
725 1736 733 1749 .
749 1695 788 1750 ut
809 1687 975 1769 possideat
996 1694 1031 1750 et
1046 1687 1184 1750 firmiter
1203 1694 1314 1750 teneat
1336 1707 1439 1769 usquc
1453 1686 1495 1750 ad
1517 1685 1596 1750 ulti·

385 1803 475 1847 mum
498 1804 626 1847 cursum
642 1785 719 1848 sitae
734 1806 804 1849 suae
825 1806 901 1849 cum
921 1785 1074 1848 omnibus
1095 1785 1378 1868 utensilibusque
1399 1785 1488 1848 Deus
1503 1783 1598 1849 eelo-

385 1902 458 1944 rum
468 1882 502 1945 in
513 1881 584 1965 ipsa
595 1882 722 1946 telluris
731 1884 878 1966 gmmiue
894 1884 1041 1948 crearit.
1057 1882 1137 1945 Tam
1149 1883 1184 1946 in
1197 1883 1284 1947 notis
1299 1883 1404 1947 causis
1415 1890 1449 1946 et
1457 1883 1596 1967 ignotis.

386 1979 422 2043 in
443 1980 578 2045 modicis
600 1989 634 2044 et
654 1981 689 2044 in
712 1983 838 2065 magmis
863 2031 872 2046 .
895 1983 1020 2065 campis
1041 2032 1049 2046 .
1073 1981 1203 2065 pascuis
1218 2033 1226 2046 .
1241 1981 1374 2045 omnino
1438 1979 1461 2046 .⁸
1471 1980 1598 2045 donans

386 2078 511 2143 donabo
540 2077 724 2143 libertatem
755 2129 763 2143 .
794 2079 838 2142 Et
867 2087 1042 2164 postquam
1071 2079 1208 2143 humani
1229 2080 1357 2163 generis
1386 2078 1596 2162 fragilitatem

386 2175 563 2241 deseruerit
594 2183 628 2241 et
653 2178 694 2240 ad
724 2177 972 2241 desiderabilem
998 2177 1229 2259 jucunditatis⁴
1258 2178 1345 2240 iiam
1375 2197 1432 2260 per
1459 2176 1598 2260 gratiam
1695 2199 1697 2205 ·

387 2276 518 2359 superni
537 2274 659 2357 judicis
688 2275 806 2339 adierit
829 2275 1099 2339 ,succedentium
1124 2323 1133 2339 .
1157 2275 1219 2339 sibi
1250 2276 1444 2357 cuicumque
1465 2268 1610 2351 libuerit

387 2374 582 2438 eetemaliter
603 2373 809 2456 derelinquat
833 2373 907 2437 ceu⁵
922 2374 1072 2457 superius
1096 2374 1276 2457 praenotati
1293 2422 1301 2439 .
1320 2373 1372 2438 sit
1392 2381 1502 2437 autem
1517 2391 1599 2461 prae·
1623 2418 1628 2423 -

387 2472 512 2536 dictum
527 2492 584 2535 rus
599 2471 682 2535 liber
695 2472 737 2534 ab
752 2472 841 2535 omni
858 2472 960 2536 fiscali
984 2472 1108 2535 tributo
1123 2470 1390 2554 saeculariumque
1405 2471 1600 2535 semitutum

128 2601 132 2607 ·
168 2598 171 2603 ·
207 2615 210 2619 ‹
333 2636 336 2642 ,
389 2570 612 2636 exinanitum.
629 2569 705 2633 Sine
721 2570 928 2653 expeditione
943 2577 977 2634 et
992 2569 1102 2654 pontis
1125 2569 1248 2634 arcisve
1263 2569 1497 2633 instructione.
1513 2569 1601 2632 Prae·

258 2677 262 2687 '
315 2696 322 2704 ·
389 2671 537 2754 cipioque
552 2669 588 2733 in
604 2660 735 2733 nominc
758 2669 822 2734 Dei
844 2670 965 2732 summi
980 2679 1049 2732 tam
1070 2669 1164 2732 nobis
1179 2668 1367 2732 niventibus
1388 2687 1487 2751 qnam
1500 2666 1601 2731 etiam

390 2769 502 2834 disina
523 2776 682 2852 praecepta
704 2767 958 2852 praedicantibus
981 2767 1080 2849 hujus
1094 2766 1256 2830 libertatis
1278 2772 1400 2829 statuta
1415 2765 1456 2828 'ad
1471 2764 1602 2828 irritum

390 2866 546 2931 deducere
568 2865 702 2930 minime
723 2865 887 2948 quispiam
918 2872 1092 2948 praesumat
1117 2864 1298 2948 ,quisquis
1323 2859 1471 2928 benivola
1491 2872 1602 2930 mente
1704 2886 1707 2891 ·

390 2985 495 3029 meam
522 2963 729 3027 donatiouem
758 2963 959 3065 amplificare
985 2963 1140 3047 satagerit
1161 2962 1197 3026 in
1221 2961 1284 3026 lroc
1313 2961 1462 3045 praesenti
1485 2960 1603 3025 saeculo
1645 2998 1648 3003 ·

391 3065 494 3128 sitam
516 3063 606 3126 illius
628 3083 781 3146 prospera
804 3061 945 3126 feliciter
966 3060 1161 3145 longiturnae
1176 3059 1253 3124 citae
1274 3059 1392 3144 gaudia
1413 3066 1523 3124 teneat
1541 3107 1550 3122 .
1565 3058 1603 3123 Si

391 3162 465 3245 quis
487 3168 596 3224 antem
618 3161 747 3243 propria
770 3160 954 3223 temeritate
976 3159 1136 3222 iiolenter
1157 3157 1312 3222 invadere
1334 3155 1602 3240 praesumpserit.
1710 3212 1712 3217 ,

393 3259 480 3323 Sciat
495 3279 528 3323 se
543 3257 756 3342 proculdubio
777 3265 855 3321 ante
870 3256 1017 3320 tribunal
1031 3255 1173 3319 distm'eti
1191 3255 1312 3338 judicis
1327 3255 1523 3318 titubantem
1537 3261 1603 3318 tre·

393 3355 656 3439 mebundumque
672 3356 830 3419 rationem
845 3353 1049 3418 redditurum
1064 3404 1072 3417 .
1088 3353 1162 3418 Nisi
1172 3353 1262 3436 prius
1273 3352 1370 3436 digna
1384 3351 1604 3416 satisfactione

392 3452 561 3517 emendare
575 3452 752 3517 maluerit.
1252 3487 1254 3490 >

437 3551 528 3615 Istis⁶
543 3550 738 3615 terminibus
753 3549 908 3634 predicta
930 3555 1017 3614 terra
1036 3546 1284 3631 circumgyruta⁷
1309 3567 1379 3613 esse
1392 3544 1539 3611 ridetur.
1554 3546 1605 3632 tris

393 3656 470 3732 synt
484 3652 521 3735 pa
537 3647 616 3711 land
637 3669 773 3732 gemtem
796 3655 831 3711 to
854 3646 1065 3730 ealdingtnne
1079 3696 1088 3710 .
1104 3647 1215 3710 AErest
1233 3667 1277 3710 on
1297 3654 1408 3730 peston
1427 3643 1607 3728 raculfingn

393 3768 517 3811 mearco
531 3747 572 3810 be
587 3750 671 3833 lraere
685 3768 724 3810 ea
739 3749 818 3833 nor}r
832 3747 873 3810 be
894 3745 1071 3829 raculfinga
1090 3765 1217 3809 mearco
1236 3765 1279 3808 on
1294 3748 1375 3829 bone
1394 3743 1494 3827 hrycg
1507 3760 1605 3828 peg]

394 3846 470 3930 lang
484 3867 577 3931 peges
592 3850 632 3933 op
647 3849 728 3928 lone
751 3847 846 3930 nipan
864 3844 917 3908 dic
932 3844 1032 3927 ]laug
1050 3843 1140 3907 dices
1159 3846 1200 3929 ob
1214 3841 1377 3925 mildry'de
1399 3860 1524 3905 mearco
1546 3843 1607 3927 sub

395 3944 606 4030 Jlnngmeroe
617 3948 756 4030 cubaea
766 3951 936 4028 pantsume
947 3943 1045 4027 Jlang
1054 3939 1458 4026 rnntsumcopraculfiuga
1467 3958 1608 4005 mearee.

439 4049 523 4112 Acta
544 4057 594 4111 est
616 4046 685 4110 lnce
707 4046 843 4129 praefata
864 4043 998 4107 donatio
1019 4094 1028 4108 .
1049 4046 1150 4107 Anno
1174 4042 1216 4105 ab
1240 4040 1468 4105 Incarnatione
1482 4039 1608 4103 domini

396 4147 497 4210 nostri
513 4145 620 4209 Jhesu
637 4144 761 4209 Christi
776 4192 784 4207 .
799 4157 1002 4207 occccannn
1018 4192 1027 4206 .
1043 4140 1228 4204 lndictionc
1242 4154 1292 4204 n.

527 4276 567 4355 »1⁴
590 4272 659 4357 Ego
674 4269 888 4335 Eadmnndus
917 4289 976 4333 rex
1001 4267 1184 4352 Anglornm
1206 4267 1375 4350 praefatam
1401 4263 1608 4328 donationem

658 4390 733 4433 cnm
748 4368 856 4453 sigillo
871 4377 991 4431 sauctae
1006 4366 1112 4431 crucis
1128 4367 1170 4447 >1⁴
1185 4363 1397 4429 confirmavi.

529 4469 569 4549 ›1‹
593 4467 661 4551 Ego
676 4465 804 4530 Eadred
819 4465 966 4548 ejusdem
980 4464 1065 4548 regis
1079 4463 1181 4527 frater
1193 4461 1405 4546 consignavi.

530 4568 570 4647 ›1‹
593 4565 662 4649 Ego
677 4563 833 4648 Eadgiiu⁸
847 4561 993 4646 ejusdem
1008 4561 1093 4648 regis
1107 4565 1212 4624 mater
1225 4558 1375 4624 consensi
1389 4605 1400 4626 .

449 4725 711 4789 meamne.
833 4722 998 4782 'an-ar.
1120 4717 1368 4773 monumne-
1483 4716 1611 4782 uer..

399 4808 551 4884 agape,-
629 4806 770 4872 cnm„
869 4802 1044 4870 ,Νι
1143 4799 1263 4865 ⁸⁴31..
