<?xml version="1.0" encoding="UTF-8"?>
<!DOCTYPE html PUBLIC "-//W3C//DTD XHTML 1.0 Transitional//EN"
    "http://www.w3.org/TR/xhtml1/DTD/xhtml1-transitional.dtd">
<html xmlns="http://www.w3.org/1999/xhtml" xml:lang="en" lang="en">
 <head>
  <title>
</title>
<meta http-equiv="Content-Type" content="text/html;charset=utf-8" />
  <meta name='ocr-system' content='tesseract 3.04.00' />
  <meta name='ocr-capabilities' content='ocr_page ocr_carea ocr_par ocr_line ocrx_word'/>
</head>
<body>
  <div class='ocr_page' id='page_1' title='image "./cartulariumsaxo03bircgoog_0240.png"; bbox 0 0 3788 5498; ppageno 0'>
   <div class='ocr_carea' id='block_1_1' title="bbox 1351 40 1457 137">
    <p class='ocr_par' dir='ltr' id='par_1_1' title="bbox 1351 40 1457 137">
     <span class='ocr_line' id='line_1_1' title="bbox 1351 40 1457 77; baseline -0.038 0"><span class='ocrx_word' id='word_1_1' title='bbox 1351 40 1365 77; x_wconf 62' lang='grc' dir='ltr'><em>ἶ</em></span> <span class='ocrx_word' id='word_1_2' title='bbox 1450 66 1457 73; x_wconf 88' lang='grc'>.</span> 
     </span>
     <span class='ocr_line' id='line_1_2' title="bbox 1352 78 1384 137; baseline 0 -40"><span class='ocrx_word' id='word_1_3' title='bbox 1352 78 1384 137; x_wconf 41' lang='grc' dir='ltr'><em>Υ</em></span> 
     </span>
    </p>
   </div>
   <div class='ocr_carea' id='block_1_2' title="bbox 1355 136 1471 229">
    <p class='ocr_par' dir='ltr' id='par_1_2' title="bbox 1355 104 1576 229">
     <span class='ocr_line' id='line_1_3' title="bbox 1355 136 1471 229; baseline -0.005 0"><span class='ocrx_word' id='word_1_4' title='bbox 1355 136 1427 229; x_wconf 68' lang='grc' dir='ltr'>ι’..ῡ</span> <span class='ocrx_word' id='word_1_5' title='bbox 1466 196 1471 203; x_wconf 90' lang='grc'>-</span> 
     </span>
    </p>
   </div>
   <div class='ocr_carea' id='block_1_3' title="bbox 247 350 1400 486">
    <p class='ocr_par' dir='ltr' id='par_1_3' title="bbox 247 350 1400 486">
     <span class='ocr_line' id='line_1_4' title="bbox 247 350 1400 486; baseline -0.01 -14"><span class='ocrx_word' id='word_1_6' title='bbox 247 399 312 464; x_wconf 81' lang='grc'>586</span> <span class='ocrx_word' id='word_1_7' title='bbox 662 417 797 465; x_wconf 75' lang='lat' dir='ltr'>marn</span> <span class='ocrx_word' id='word_1_8' title='bbox 815 416 860 466; x_wconf 79' lang='lat' dir='ltr'>uo</span> <span class='ocrx_word' id='word_1_9' title='bbox 880 416 1033 467; x_wconf 67' lang='lat' dir='ltr'>sonum</span> <span class='ocrx_word' id='word_1_10' title='bbox 1285 350 1400 486; x_wconf 44' lang='lat' dir='ltr'>[nugs</span> 
     </span>
    </p>
   </div>
   <div class='ocr_carea' id='block_1_4' title="bbox 378 528 1395 755">
    <p class='ocr_par' dir='ltr' id='par_1_4' title="bbox 378 528 1395 755">
     <span class='ocr_line' id='line_1_5' title="bbox 379 528 1395 657; baseline -0.003 -21"><span class='ocrx_word' id='word_1_11' title='bbox 379 574 419 654; x_wconf 73' lang='lat'>›1‹</span> <span class='ocrx_word' id='word_1_12' title='bbox 443 571 591 657; x_wconf 67' lang='lat' dir='ltr'>passage</span> <span class='ocrx_word' id='word_1_13' title='bbox 604 572 780 639; x_wconf 72' lang='lat' dir='ltr'>master.</span> <span class='ocrx_word' id='word_1_14' title='bbox 983 573 1024 653; x_wconf 63' lang='grc' dir='ltr'>»χι</span> <span class='ocrx_word' id='word_1_15' title='bbox 1048 571 1238 656; x_wconf 60' lang='lat' dir='ltr'>satisago</span> <span class='ocrx_word' id='word_1_16' title='bbox 1250 528 1395 635; x_wconf 68' lang='lat' dir='ltr'>marsa:</span> 
     </span>
     <span class='ocr_line' id='line_1_6' title="bbox 378 668 1392 755; baseline 0 -22"><span class='ocrx_word' id='word_1_17' title='bbox 378 673 420 751; x_wconf 76' lang='lat'>›1‹</span> <span class='ocrx_word' id='word_1_18' title='bbox 443 669 637 754; x_wconf 72' lang='lat' dir='ltr'>AEpelgeard</span> <span class='ocrx_word' id='word_1_19' title='bbox 652 670 825 734; x_wconf 82' lang='lat' dir='ltr'><strong>minister.</strong></span> <span class='ocrx_word' id='word_1_20' title='bbox 983 670 1023 750; x_wconf 75' lang='lat'>›1‹</span> <span class='ocrx_word' id='word_1_21' title='bbox 1047 668 1206 755; x_wconf 66' lang='lat' dir='ltr'>AEpelnob</span> <span class='ocrx_word' id='word_1_22' title='bbox 1218 669 1392 733; x_wconf 87' lang='lat' dir='ltr'>minister.</span> 
     </span>
    </p>
   </div>
   <div class='ocr_carea' id='block_1_5' title="bbox 247 792 1589 2385">
    <p class='ocr_par' dir='ltr' id='par_1_5' title="bbox 247 792 1589 2385">
     <span class='ocr_line' id='line_1_7' title="bbox 294 792 1391 877; baseline -0.003 -21"><span class='ocrx_word' id='word_1_23' title='bbox 294 793 333 873; x_wconf 73' lang='lat'>›1‹</span> <span class='ocrx_word' id='word_1_24' title='bbox 358 792 477 857; x_wconf 77' lang='lat' dir='ltr'>Certis¹</span> <span class='ocrx_word' id='word_1_25' title='bbox 493 812 570 856; x_wconf 80' lang='lat' dir='ltr'>vero</span> <span class='ocrx_word' id='word_1_26' title='bbox 585 794 692 857; x_wconf 88' lang='lat' dir='ltr'>causis</span> <span class='ocrx_word' id='word_1_27' title='bbox 706 799 741 857; x_wconf 86' lang='lat' dir='ltr'>et</span> <span class='ocrx_word' id='word_1_28' title='bbox 762 792 798 856; x_wconf 90' lang='lat' dir='ltr'>in</span> <span class='ocrx_word' id='word_1_29' title='bbox 821 792 918 857; x_wconf 88' lang='lat' dir='ltr'>certis</span> <span class='ocrx_word' id='word_1_30' title='bbox 931 793 1130 877; x_wconf 80' lang='lat' dir='ltr'>temporibus</span> <span class='ocrx_word' id='word_1_31' title='bbox 1143 792 1321 876; x_wconf 84' lang='lat' dir='ltr'>unicuique</span> <span class='ocrx_word' id='word_1_32' title='bbox 1334 810 1391 874; x_wconf 80' lang='lat' dir='ltr'>pn·</span> 
     </span>
     <span class='ocr_line' id='line_1_8' title="bbox 248 890 1404 975; baseline -0.001 -23"><span class='ocrx_word' id='word_1_33' title='bbox 248 890 392 954; x_wconf 81' lang='lat' dir='ltr'>vandum</span> <span class='ocrx_word' id='word_1_34' title='bbox 406 900 457 954; x_wconf 91' lang='lat' dir='ltr'>est</span> <span class='ocrx_word' id='word_1_35' title='bbox 471 896 510 954; x_wconf 92' lang='lat' dir='ltr'>ut</span> <span class='ocrx_word' id='word_1_36' title='bbox 524 890 675 954; x_wconf 84' lang='lat' dir='ltr'>tutellam</span> <span class='ocrx_word' id='word_1_37' title='bbox 690 890 888 956; x_wconf 77' lang='lat' dir='ltr'>detensionis</span> <span class='ocrx_word' id='word_1_38' title='bbox 911 898 1078 975; x_wconf 72' lang='lat' dir='ltr'>proponat</span> <span class='ocrx_word' id='word_1_39' title='bbox 1099 897 1274 973; x_wconf 84' lang='lat' dir='ltr'>autequam</span> <span class='ocrx_word' id='word_1_40' title='bbox 1288 890 1404 954; x_wconf 75' lang='lat' dir='ltr'>mach⁷÷</span> 
     </span>
     <span class='ocr_line' id='line_1_9' title="bbox 247 988 1408 1073; baseline -0.003 -21"><span class='ocrx_word' id='word_1_41' title='bbox 247 995 334 1052; x_wconf 89' lang='lat' dir='ltr'>torcs</span> <span class='ocrx_word' id='word_1_42' title='bbox 354 989 534 1053; x_wconf 88' lang='lat' dir='ltr'>retinacula</span> <span class='ocrx_word' id='word_1_43' title='bbox 556 988 779 1054; x_wconf 84' lang='lat' dir='ltr'>fraudulenter</span> <span class='ocrx_word' id='word_1_44' title='bbox 800 990 1018 1054; x_wconf 86' lang='lat' dir='ltr'>insidiationis</span> <span class='ocrx_word' id='word_1_45' title='bbox 1040 990 1256 1073; x_wconf 72' lang='lat' dir='ltr'>muscipulam</span> <span class='ocrx_word' id='word_1_46' title='bbox 1277 989 1374 1051; x_wconf 89' lang='lat' dir='ltr'>illum</span> <span class='ocrx_word' id='word_1_47' title='bbox 1400 1018 1408 1049; x_wconf 67' lang='grc' dir='ltr'>ι</span> 
     </span>
     <span class='ocr_line' id='line_1_10' title="bbox 248 1084 1452 1172; baseline 0 -24"><span class='ocrx_word' id='word_1_48' title='bbox 248 1086 469 1151; x_wconf 72' lang='lat' dir='ltr'><strong>fraudaverim</strong></span> <span class='ocrx_word' id='word_1_49' title='bbox 490 1108 510 1149; x_wconf 89' lang='lat' dir='ltr'>a</span> <span class='ocrx_word' id='word_1_50' title='bbox 532 1086 661 1171; x_wconf 82' lang='lat' dir='ltr'>fastigio</span> <span class='ocrx_word' id='word_1_51' title='bbox 683 1096 771 1152; x_wconf 85' lang='lat' dir='ltr'>recte</span> <span class='ocrx_word' id='word_1_52' title='bbox 793 1095 826 1152; x_wconf 88' lang='lat' dir='ltr'>et</span> <span class='ocrx_word' id='word_1_53' title='bbox 844 1088 942 1170; x_wconf 77' lang='lat' dir='ltr'>justu</span> <span class='ocrx_word' id='word_1_54' title='bbox 965 1088 1105 1151; x_wconf 79' lang='lat' dir='ltr'>tramitis</span> <span class='ocrx_word' id='word_1_55' title='bbox 1119 1088 1228 1152; x_wconf 88' lang='lat' dir='ltr'>studio</span> <span class='ocrx_word' id='word_1_56' title='bbox 1240 1087 1319 1172; x_wconf 88' lang='lat' dir='ltr'>quia</span> <span class='ocrx_word' id='word_1_57' title='bbox 1333 1084 1405 1169; x_wconf 69' lang='lat' dir='ltr'>iniq</span> <span class='ocrx_word' id='word_1_58' title='bbox 1408 1110 1425 1147; x_wconf 91' lang='lat'>·..</span> <span class='ocrx_word' id='word_1_59' title='bbox 1448 1124 1452 1129; x_wconf 97' lang='lat'>-</span> 
     </span>
     <span class='ocr_line' id='line_1_11' title="bbox 248 1183 1427 1269; baseline -0.003 -21"><span class='ocrx_word' id='word_1_60' title='bbox 248 1184 326 1249; x_wconf 90' lang='lat' dir='ltr'>tatis</span> <span class='ocrx_word' id='word_1_61' title='bbox 340 1185 556 1267; x_wconf 78' lang='lat' dir='ltr'>adquisitores</span> <span class='ocrx_word' id='word_1_62' title='bbox 577 1186 722 1249; x_wconf 86' lang='lat' dir='ltr'>alienum</span> <span class='ocrx_word' id='word_1_63' title='bbox 744 1187 872 1251; x_wconf 87' lang='lat' dir='ltr'>lucrum</span> <span class='ocrx_word' id='word_1_64' title='bbox 895 1186 958 1250; x_wconf 92' lang='lat' dir='ltr'>sibi</span> <span class='ocrx_word' id='word_1_65' title='bbox 979 1186 1169 1269; x_wconf 73' lang='lat' dir='ltr'>usurpative</span> <span class='ocrx_word' id='word_1_66' title='bbox 1187 1206 1263 1249; x_wconf 90' lang='lat' dir='ltr'>curn</span> <span class='ocrx_word' id='word_1_67' title='bbox 1276 1183 1427 1247; x_wconf 65' lang='lat' dir='ltr'>ambitis.¹</span> 
     </span>
     <span class='ocr_line' id='line_1_12' title="bbox 248 1284 1412 1369; baseline 0 -23"><span class='ocrx_word' id='word_1_68' title='bbox 248 1285 431 1368; x_wconf 86' lang='lat' dir='ltr'>iniquitatis</span> <span class='ocrx_word' id='word_1_69' title='bbox 444 1285 617 1349; x_wconf 74' lang='lat' dir='ltr'>vendicare</span> <span class='ocrx_word' id='word_1_70' title='bbox 632 1294 785 1369; x_wconf 69' lang='lat' dir='ltr'>satagunt</span> <span class='ocrx_word' id='word_1_71' title='bbox 801 1335 809 1350; x_wconf 98' lang='lat'>.</span> <span class='ocrx_word' id='word_1_72' title='bbox 832 1286 896 1350; x_wconf 82' lang='lat' dir='ltr'>Sed</span> <span class='ocrx_word' id='word_1_73' title='bbox 915 1291 1081 1369; x_wconf 73' lang='lat' dir='ltr'>torpentes</span> <span class='ocrx_word' id='word_1_74' title='bbox 1094 1284 1241 1349; x_wconf 75' lang='lat' dir='ltr'>avaritie</span> <span class='ocrx_word' id='word_1_75' title='bbox 1254 1284 1346 1347; x_wconf 90' lang='lat' dir='ltr'>omni</span> <span class='ocrx_word' id='word_1_76' title='bbox 1359 1304 1412 1347; x_wconf 79' lang='lat' dir='ltr'>rue</span> 
     </span>
     <span class='ocr_line' id='line_1_13' title="bbox 248 1382 1432 1466; baseline -0.003 -20"><span class='ocrx_word' id='word_1_77' title='bbox 248 1382 428 1446; x_wconf 71' lang='lat' dir='ltr'>interdico.</span> <span class='ocrx_word' id='word_1_78' title='bbox 466 1382 521 1446; x_wconf 90' lang='lat' dir='ltr'>Ita</span> <span class='ocrx_word' id='word_1_79' title='bbox 543 1388 583 1446; x_wconf 89' lang='lat' dir='ltr'>ut</span> <span class='ocrx_word' id='word_1_80' title='bbox 603 1404 713 1447; x_wconf 86' lang='lat' dir='ltr'>meum</span> <span class='ocrx_word' id='word_1_81' title='bbox 736 1383 858 1447; x_wconf 91' lang='lat' dir='ltr'>donum</span> <span class='ocrx_word' id='word_1_82' title='bbox 882 1384 1121 1447; x_wconf 89' lang='lat' dir='ltr'>ccrrobomtum</span> <span class='ocrx_word' id='word_1_83' title='bbox 1142 1384 1187 1447; x_wconf 91' lang='lat' dir='ltr'>sit</span> <span class='ocrx_word' id='word_1_84' title='bbox 1200 1404 1276 1446; x_wconf 88' lang='lat' dir='ltr'>cum</span> <span class='ocrx_word' id='word_1_85' title='bbox 1290 1382 1432 1466; x_wconf 59' lang='lat' dir='ltr'>signasti</span> 
     </span>
     <span class='ocr_line' id='line_1_14' title="bbox 250 1480 1456 1565; baseline -0.003 -20"><span class='ocrx_word' id='word_1_86' title='bbox 250 1484 290 1563; x_wconf 58' lang='grc' dir='ltr'>»Β</span> <span class='ocrx_word' id='word_1_87' title='bbox 307 1489 428 1545; x_wconf 81' lang='lat' dir='ltr'>sanctae</span> <span class='ocrx_word' id='word_1_88' title='bbox 442 1482 548 1545; x_wconf 89' lang='lat' dir='ltr'>crucis</span> <span class='ocrx_word' id='word_1_89' title='bbox 564 1484 605 1562; x_wconf 53' lang='grc' dir='ltr'>»Β</span> <span class='ocrx_word' id='word_1_90' title='bbox 622 1533 630 1546; x_wconf 90' lang='grc'><strong>.</strong></span> <span class='ocrx_word' id='word_1_91' title='bbox 647 1480 746 1546; x_wconf 87' lang='lat' dir='ltr'>etiam</span> <span class='ocrx_word' id='word_1_92' title='bbox 762 1483 791 1545; x_wconf 89' lang='lat' dir='ltr'>si</span> <span class='ocrx_word' id='word_1_93' title='bbox 806 1482 880 1564; x_wconf 87' lang='lat' dir='ltr'>quis</span> <span class='ocrx_word' id='word_1_94' title='bbox 894 1481 996 1545; x_wconf 90' lang='lat' dir='ltr'>alium</span> <span class='ocrx_word' id='word_1_95' title='bbox 1011 1482 1184 1565; x_wconf 86' lang='lat' dir='ltr'>antiquum</span> <span class='ocrx_word' id='word_1_96' title='bbox 1196 1480 1319 1545; x_wconf 86' lang='lat' dir='ltr'>librum</span> <span class='ocrx_word' id='word_1_97' title='bbox 1332 1480 1369 1543; x_wconf 91' lang='lat' dir='ltr'>in</span> <span class='ocrx_word' id='word_1_98' title='bbox 1383 1482 1456 1562; x_wconf 65' lang='lat' dir='ltr'>&#39;pta--</span> 
     </span>
     <span class='ocr_line' id='line_1_15' title="bbox 248 1577 1530 1675; baseline -0.004 -31"><span class='ocrx_word' id='word_1_99' title='bbox 248 1579 362 1664; x_wconf 88' lang='lat' dir='ltr'>patulo</span> <span class='ocrx_word' id='word_1_100' title='bbox 387 1580 561 1664; x_wconf 89' lang='lat' dir='ltr'>protulerit</span> <span class='ocrx_word' id='word_1_101' title='bbox 586 1599 647 1643; x_wconf 84' lang='lat' dir='ltr'>nec</span> <span class='ocrx_word' id='word_1_102' title='bbox 661 1580 723 1644; x_wconf 89' lang='lat' dir='ltr'>sibi</span> <span class='ocrx_word' id='word_1_103' title='bbox 746 1600 807 1643; x_wconf 88' lang='lat' dir='ltr'>uec</span> <span class='ocrx_word' id='word_1_104' title='bbox 828 1579 902 1643; x_wconf 89' lang='lat' dir='ltr'>aliis</span> <span class='ocrx_word' id='word_1_105' title='bbox 922 1579 1092 1662; x_wconf 86' lang='lat' dir='ltr'>proficiat.</span> <span class='ocrx_word' id='word_1_106' title='bbox 1126 1578 1191 1644; x_wconf 88' lang='lat' dir='ltr'>Sed</span> <span class='ocrx_word' id='word_1_107' title='bbox 1209 1578 1246 1641; x_wconf 92' lang='lat' dir='ltr'>in</span> <span class='ocrx_word' id='word_1_108' title='bbox 1260 1577 1457 1662; x_wconf 73' lang='lat' dir='ltr'>sempitczzc</span> <span class='ocrx_word' id='word_1_109' title='bbox 1521 1650 1530 1675; x_wconf 30' lang='grc' dir='ltr'>ἱ</span> 
     </span>
     <span class='ocr_line' id='line_1_16' title="bbox 248 1677 1589 1764; baseline -0.002 -21"><span class='ocrx_word' id='word_1_110' title='bbox 248 1679 384 1764; x_wconf 82' lang='lat' dir='ltr'>graphio</span> <span class='ocrx_word' id='word_1_111' title='bbox 398 1678 546 1743; x_wconf 81' lang='lat' dir='ltr'>deleatur</span> <span class='ocrx_word' id='word_1_112' title='bbox 560 1687 594 1743; x_wconf 86' lang='lat' dir='ltr'>et</span> <span class='ocrx_word' id='word_1_113' title='bbox 609 1699 684 1743; x_wconf 89' lang='lat' dir='ltr'>cum</span> <span class='ocrx_word' id='word_1_114' title='bbox 696 1679 797 1761; x_wconf 87' lang='lat' dir='ltr'>justis</span> <span class='ocrx_word' id='word_1_115' title='bbox 812 1699 876 1742; x_wconf 89' lang='lat' dir='ltr'>non</span> <span class='ocrx_word' id='word_1_116' title='bbox 892 1679 1052 1743; x_wconf 81' lang='lat' dir='ltr'>scribatur</span> <span class='ocrx_word' id='word_1_117' title='bbox 1066 1698 1126 1742; x_wconf 91' lang='lat' dir='ltr'>nec</span> <span class='ocrx_word' id='word_1_118' title='bbox 1139 1677 1315 1742; x_wconf 88' lang='lat' dir='ltr'>audiatur.</span> <span class='ocrx_word' id='word_1_119' title='bbox 1388 1686 1408 1729; x_wconf 73' lang='grc' dir='ltr'><strong>ὶ</strong></span> <span class='ocrx_word' id='word_1_120' title='bbox 1508 1682 1550 1721; x_wconf 76' lang='lat'>.;·</span> <span class='ocrx_word' id='word_1_121' title='bbox 1579 1706 1589 1715; x_wconf 95' lang='lat'><em>·</em></span> 
     </span>
     <span class='ocr_line' id='line_1_17' title="bbox 294 1774 1460 1863; baseline -0.004 -21"><span class='ocrx_word' id='word_1_122' title='bbox 294 1778 457 1843; x_wconf 64' lang='lat' dir='ltr'>aalma</span> <span class='ocrx_word' id='word_1_123' title='bbox 485 1779 521 1841; x_wconf 82' lang='lat' dir='ltr'>ia</span> <span class='ocrx_word' id='word_1_124' title='bbox 545 1800 569 1840; x_wconf 86' lang='lat' dir='ltr'>a</span> <span class='ocrx_word' id='word_1_125' title='bbox 588 1785 825 1861; x_wconf 71' lang='lat' dir='ltr'>coatmporary</span> <span class='ocrx_word' id='word_1_126' title='bbox 847 1776 1137 1863; x_wconf 70' lang='lat' dir='ltr'>loand:-“›1‹bis</span> <span class='ocrx_word' id='word_1_127' title='bbox 1161 1776 1192 1840; x_wconf 89' lang='lat' dir='ltr'>is</span> <span class='ocrx_word' id='word_1_128' title='bbox 1211 1782 1289 1861; x_wconf 71' lang='lat' dir='ltr'>para</span> <span class='ocrx_word' id='word_1_129' title='bbox 1314 1774 1460 1859; x_wconf 78' lang='lat' dir='ltr'>tpentiga</span> 
     </span>
     <span class='ocr_line' id='line_1_18' title="bbox 248 1877 1459 1966; baseline -0.002 -22"><span class='ocrx_word' id='word_1_130' title='bbox 248 1880 327 1945; x_wconf 91' lang='lat' dir='ltr'>hida</span> <span class='ocrx_word' id='word_1_131' title='bbox 349 1881 410 1944; x_wconf 89' lang='lat' dir='ltr'>boc</span> <span class='ocrx_word' id='word_1_132' title='bbox 434 1888 477 1945; x_wconf 81' lang='lat' dir='ltr'>aet</span> <span class='ocrx_word' id='word_1_133' title='bbox 506 1880 736 1945; x_wconf 75' lang='lat' dir='ltr'>licarsetham</span> <span class='ocrx_word' id='word_1_134' title='bbox 765 1882 805 1966; x_wconf 75' lang='lat' dir='ltr'>be</span> <span class='ocrx_word' id='word_1_135' title='bbox 832 1879 957 1943; x_wconf 88' lang='lat' dir='ltr'>Eadred</span> <span class='ocrx_word' id='word_1_136' title='bbox 980 1879 1055 1963; x_wconf 83' lang='lat' dir='ltr'>cing</span> <span class='ocrx_word' id='word_1_137' title='bbox 1075 1878 1237 1964; x_wconf 78' lang='lat' dir='ltr'>gebocodc</span> <span class='ocrx_word' id='word_1_138' title='bbox 1262 1878 1379 1963; x_wconf 83' lang='lat' dir='ltr'>Ospige</span> <span class='ocrx_word' id='word_1_139' title='bbox 1405 1877 1459 1941; x_wconf 90' lang='lat' dir='ltr'>his</span> 
     </span>
     <span class='ocr_line' id='line_1_19' title="bbox 248 1975 1461 2065; baseline -0.002 -23"><span class='ocrx_word' id='word_1_140' title='bbox 248 1984 349 2065; x_wconf 65' lang='lat' dir='ltr'>begare</span> <span class='ocrx_word' id='word_1_141' title='bbox 360 1999 403 2042; x_wconf 91' lang='lat' dir='ltr'>on</span> <span class='ocrx_word' id='word_1_142' title='bbox 414 1999 469 2043; x_wconf 92' lang='lat' dir='ltr'>ece</span> <span class='ocrx_word' id='word_1_143' title='bbox 483 1978 556 2061; x_wconf 74' lang='lat' dir='ltr'>yrfe</span> <span class='ocrx_word' id='word_1_144' title='bbox 565 2026 575 2042; x_wconf 89' lang='lat'>.</span> <span class='ocrx_word' id='word_1_145' title='bbox 585 1978 602 2003; x_wconf 89' lang='lat'><strong>”</strong></span> <span class='ocrx_word' id='word_1_146' title='bbox 613 2004 622 2055; x_wconf 89' lang='grc'><strong>;</strong></span> <span class='ocrx_word' id='word_1_147' title='bbox 635 1980 703 2041; x_wconf 66' lang='lat' dir='ltr'>aaz</span> <span class='ocrx_word' id='word_1_148' title='bbox 714 1979 752 2041; x_wconf 80' lang='lat' dir='ltr'>ia</span> <span class='ocrx_word' id='word_1_149' title='bbox 766 2000 823 2042; x_wconf 76' lang='lat' dir='ltr'>oua</span> <span class='ocrx_word' id='word_1_150' title='bbox 833 1980 872 2060; x_wconf 91' lang='lat' dir='ltr'>os</span> <span class='ocrx_word' id='word_1_151' title='bbox 881 1978 930 2040; x_wconf 76' lang='lat' dir='ltr'>tlte</span> <span class='ocrx_word' id='word_1_152' title='bbox 939 1976 1171 2061; x_wconf 75' lang='lat' dir='ltr'>xiitbcerdary,</span> <span class='ocrx_word' id='word_1_153' title='bbox 1183 1984 1202 2010; x_wconf 83' lang='lat'>‘⁴</span> <span class='ocrx_word' id='word_1_154' title='bbox 1211 1976 1282 2041; x_wconf 85' lang='lat' dir='ltr'>Rex</span> <span class='ocrx_word' id='word_1_155' title='bbox 1294 1975 1461 2040; x_wconf 72' lang='lat' dir='ltr'>lladrudus</span> 
     </span>
     <span class='ocr_line' id='line_1_20' title="bbox 249 2075 1461 2160; baseline -0.003 -19"><span class='ocrx_word' id='word_1_156' title='bbox 249 2078 340 2142; x_wconf 83' lang='lat' dir='ltr'>dedit</span> <span class='ocrx_word' id='word_1_157' title='bbox 354 2077 436 2140; x_wconf 89' lang='lat' dir='ltr'>duas</span> <span class='ocrx_word' id='word_1_158' title='bbox 451 2097 581 2141; x_wconf 84' lang='lat' dir='ltr'>mansas</span> <span class='ocrx_word' id='word_1_159' title='bbox 595 2077 630 2140; x_wconf 92' lang='lat' dir='ltr'>id</span> <span class='ocrx_word' id='word_1_160' title='bbox 646 2089 696 2141; x_wconf 91' lang='lat' dir='ltr'>est</span> <span class='ocrx_word' id='word_1_161' title='bbox 707 2076 788 2141; x_wconf 87' lang='lat' dir='ltr'>duas</span> <span class='ocrx_word' id='word_1_162' title='bbox 796 2076 891 2141; x_wconf 81' lang='lat' dir='ltr'>hidas</span> <span class='ocrx_word' id='word_1_163' title='bbox 902 2076 990 2160; x_wconf 89' lang='lat' dir='ltr'>apud</span> <span class='ocrx_word' id='word_1_164' title='bbox 1000 2075 1181 2141; x_wconf 79' lang='lat' dir='ltr'>blerichain</span> <span class='ocrx_word' id='word_1_165' title='bbox 1193 2075 1301 2140; x_wconf 82' lang='lat' dir='ltr'>Oswic</span> <span class='ocrx_word' id='word_1_166' title='bbox 1309 2075 1461 2139; x_wconf 89' lang='lat' dir='ltr'>ministro</span> 
     </span>
     <span class='ocr_line' id='line_1_21' title="bbox 248 2175 488 2241; baseline -0.008 0"><span class='ocrx_word' id='word_1_167' title='bbox 248 2197 307 2241; x_wconf 92' lang='lat' dir='ltr'>suo</span> <span class='ocrx_word' id='word_1_168' title='bbox 321 2227 329 2241; x_wconf 94' lang='lat'>.</span> <span class='ocrx_word' id='word_1_169' title='bbox 343 2175 488 2240; x_wconf 85' lang='lat' dir='ltr'>latine.”</span> 
     </span>
     <span class='ocr_line' id='line_1_22' title="bbox 252 2330 1462 2385; baseline 0.001 -13"><span class='ocrx_word' id='word_1_170' title='bbox 252 2330 835 2384; x_wconf 65' lang='lat' dir='ltr'>[k113rlt.ltns..00ttoucharter.luguatua11.</span> <span class='ocrx_word' id='word_1_171' title='bbox 879 2331 930 2381; x_wconf 74' lang='lat' dir='ltr'>pt]</span> <span class='ocrx_word' id='word_1_172' title='bbox 940 2330 1047 2382; x_wconf 73' lang='lat' dir='ltr'>Kambte.</span> <span class='ocrx_word' id='word_1_173' title='bbox 1056 2330 1109 2375; x_wconf 73' lang='lat' dir='ltr'>aa</span> <span class='ocrx_word' id='word_1_174' title='bbox 1118 2332 1190 2385; x_wconf 62' lang='lat'>1871..</span> <span class='ocrx_word' id='word_1_175' title='bbox 1203 2331 1249 2375; x_wconf 73' lang='lat' dir='ltr'>lto.</span> <span class='ocrx_word' id='word_1_176' title='bbox 1263 2341 1384 2382; x_wconf 70' lang='lat' dir='ltr'>cottum</span> <span class='ocrx_word' id='word_1_177' title='bbox 1397 2330 1462 2373; x_wconf 74' lang='lat' dir='ltr'>lton</span> 
     </span>
    </p>
   </div>
   <div class='ocr_carea' id='block_1_6' title="bbox 250 2393 986 2508">
    <p class='ocr_par' dir='ltr' id='par_1_6' title="bbox 250 2393 986 2508">
     <span class='ocr_line' id='line_1_23' title="bbox 250 2393 986 2508; baseline -0.003 -8"><span class='ocrx_word' id='word_1_178' title='bbox 250 2395 649 2508; x_wconf 47' lang='lat' dir='ltr'>astallus-,Mutamus</span> <span class='ocrx_word' id='word_1_179' title='bbox 933 2393 986 2445; x_wconf 58' lang='lat' dir='ltr'>m</span> 
     </span>
    </p>
   </div>
   <div class='ocr_carea' id='block_1_7' title="bbox 253 2804 1665 3099">
    <p class='ocr_par' dir='ltr' id='par_1_7' title="bbox 253 2772 1665 3099">
     <span class='ocr_line' id='line_1_24' title="bbox 253 2804 1600 2911; baseline -0.005 -20"><span class='ocrx_word' id='word_1_180' title='bbox 253 2826 327 2891; x_wconf 84' lang='lat'>821.</span> <span class='ocrx_word' id='word_1_181' title='bbox 351 2825 455 2895; x_wconf 67' lang='lat' dir='ltr'>aas</span> <span class='ocrx_word' id='word_1_182' title='bbox 478 2825 516 2908; x_wconf 69' lang='lat' dir='ltr'>oy</span> <span class='ocrx_word' id='word_1_183' title='bbox 540 2824 633 2909; x_wconf 55' lang='grc' dir='ltr'>[ηις</span> <span class='ocrx_word' id='word_1_184' title='bbox 658 2826 789 2891; x_wconf 64' lang='lat' dir='ltr'>mana</span> <span class='ocrx_word' id='word_1_185' title='bbox 811 2834 843 2891; x_wconf 77' lang='lat' dir='ltr'>a</span> <span class='ocrx_word' id='word_1_186' title='bbox 868 2827 917 2891; x_wconf 59' lang='lat' dir='ltr'>aa</span> <span class='ocrx_word' id='word_1_187' title='bbox 942 2820 1034 2911; x_wconf 55' lang='lat' dir='ltr'>aaa</span> <span class='ocrx_word' id='word_1_188' title='bbox 1054 2825 1241 2902; x_wconf 62' lang='lat' dir='ltr'>sarmata,</span> <span class='ocrx_word' id='word_1_189' title='bbox 1264 2826 1306 2908; x_wconf 79' lang='lat' dir='ltr'>os</span> <span class='ocrx_word' id='word_1_190' title='bbox 1322 2788 1633 2903; x_wconf 56' lang='lat' dir='ltr'>zano.a‹···r=;·:··”&#39;</span> 
     </span>
     <span class='ocr_line' id='line_1_25' title="bbox 384 2910 1665 3087; baseline 0.002 -100"><span class='ocrx_word' id='word_1_191' title='bbox 384 2924 541 3087; x_wconf 48' lang='lat' dir='ltr'>gagg?</span> <span class='ocrx_word' id='word_1_192' title='bbox 558 2924 645 2999; x_wconf 79' lang='lat' dir='ltr'>hom,</span> <span class='ocrx_word' id='word_1_193' title='bbox 670 2946 707 2987; x_wconf 87' lang='lat' dir='ltr'>or</span> <span class='ocrx_word' id='word_1_194' title='bbox 728 2925 896 3001; x_wconf 74' lang='lat' dir='ltr'>Haedum,</span> <span class='ocrx_word' id='word_1_195' title='bbox 914 2946 993 3021; x_wconf 66' lang='lat' dir='ltr'>acar</span> <span class='ocrx_word' id='word_1_196' title='bbox 1013 2924 1145 3001; x_wconf 76' lang='lat' dir='ltr'>Bristol,</span> <span class='ocrx_word' id='word_1_197' title='bbox 1161 2946 1203 2999; x_wconf 81' lang='lat' dir='ltr'>ca</span> <span class='ocrx_word' id='word_1_198' title='bbox 1226 2910 1469 3007; x_wconf 66' lang='lat' dir='ltr'>comeam.-</span> <span class='ocrx_word' id='word_1_199' title='bbox 1662 3010 1665 3017; x_wconf 33' lang='grc' dir='ltr'>Ι</span> 
     </span>
     <span class='ocr_line' id='line_1_26' title="bbox 440 3058 1564 3099; baseline -0.015 -13"><span class='ocrx_word' id='word_1_200' title='bbox 440 3071 448 3086; x_wconf 95' lang='grc'><strong>.</strong></span> <span class='ocrx_word' id='word_1_201' title='bbox 530 3071 539 3086; x_wconf 95' lang='grc'><strong>.</strong></span> <span class='ocrx_word' id='word_1_202' title='bbox 1425 3058 1441 3099; x_wconf 53' lang='lat'>2.</span> <span class='ocrx_word' id='word_1_203' title='bbox 1561 3064 1564 3069; x_wconf 92' lang='lat'>.</span> 
     </span>
    </p>
   </div>
   <div class='ocr_carea' id='block_1_8' title="bbox 252 3156 1652 4523">
    <p class='ocr_par' dir='ltr' id='par_1_8' title="bbox 298 3156 1452 3239">
     <span class='ocr_line' id='line_1_27' title="bbox 298 3156 1452 3239; baseline -0.001 -15"><span class='ocrx_word' id='word_1_204' title='bbox 298 3162 343 3225; x_wconf 89' lang='lat' dir='ltr'>Iu</span> <span class='ocrx_word' id='word_1_205' title='bbox 358 3159 489 3223; x_wconf 87' lang='lat' dir='ltr'>nomina</span> <span class='ocrx_word' id='word_1_206' title='bbox 502 3158 568 3223; x_wconf 88' lang='lat' dir='ltr'>Dei</span> <span class='ocrx_word' id='word_1_207' title='bbox 582 3159 703 3223; x_wconf 88' lang='lat' dir='ltr'>summi</span> <span class='ocrx_word' id='word_1_208' title='bbox 718 3164 753 3223; x_wconf 86' lang='lat' dir='ltr'>et</span> <span class='ocrx_word' id='word_1_209' title='bbox 767 3157 921 3223; x_wconf 86' lang='lat' dir='ltr'>altissimi</span> <span class='ocrx_word' id='word_1_210' title='bbox 933 3157 1040 3223; x_wconf 85' lang='lat' dir='ltr'>Jhesu</span> <span class='ocrx_word' id='word_1_211' title='bbox 1055 3156 1201 3223; x_wconf 89' lang='lat' dir='ltr'>Christi.</span> <span class='ocrx_word' id='word_1_212' title='bbox 1442 3192 1452 3239; x_wconf 61' lang='lat' dir='ltr'>s</span> 
     </span>
    </p>

    <p class='ocr_par' dir='ltr' id='par_1_9' title="bbox 254 3254 1652 3933">
     <span class='ocr_line' id='line_1_28' title="bbox 300 3254 1542 3341; baseline -0.002 -19"><span class='ocrx_word' id='word_1_213' title='bbox 300 3257 515 3322; x_wconf 75' lang='lat' dir='ltr'>Manifestum</span> <span class='ocrx_word' id='word_1_214' title='bbox 538 3265 589 3321; x_wconf 89' lang='lat' dir='ltr'>est</span> <span class='ocrx_word' id='word_1_215' title='bbox 611 3257 739 3322; x_wconf 86' lang='lat' dir='ltr'>cunctis</span> <span class='ocrx_word' id='word_1_216' title='bbox 765 3256 853 3341; x_wconf 92' lang='lat' dir='ltr'>quod</span> <span class='ocrx_word' id='word_1_217' title='bbox 876 3256 984 3320; x_wconf 88' lang='lat' dir='ltr'>omnia</span> <span class='ocrx_word' id='word_1_218' title='bbox 1005 3254 1138 3321; x_wconf 84' lang='lat' dir='ltr'>celestia</span> <span class='ocrx_word' id='word_1_219' title='bbox 1157 3262 1194 3320; x_wconf 88' lang='lat' dir='ltr'>et</span> <span class='ocrx_word' id='word_1_220' title='bbox 1213 3254 1377 3320; x_wconf 85' lang='lat' dir='ltr'>terrestria</span> <span class='ocrx_word' id='word_1_221' title='bbox 1390 3275 1469 3340; x_wconf 79' lang='lat' dir='ltr'>pro-</span> <span class='ocrx_word' id='word_1_222' title='bbox 1493 3282 1509 3295; x_wconf 95' lang='lat'>-·</span> <span class='ocrx_word' id='word_1_223' title='bbox 1527 3270 1542 3281; x_wconf 84' lang='lat'>··</span> 
     </span>
     <span class='ocr_line' id='line_1_29' title="bbox 256 3352 1466 3439; baseline -0.003 -18"><span class='ocrx_word' id='word_1_224' title='bbox 256 3357 408 3421; x_wconf 86' lang='lat' dir='ltr'>videncia</span> <span class='ocrx_word' id='word_1_225' title='bbox 421 3356 485 3420; x_wconf 92' lang='lat' dir='ltr'>Dei</span> <span class='ocrx_word' id='word_1_226' title='bbox 499 3354 725 3439; x_wconf 64' lang='lat' dir='ltr'>gubernantur</span> <span class='ocrx_word' id='word_1_227' title='bbox 734 3375 798 3437; x_wconf 89' lang='lat' dir='ltr'>que</span> <span class='ocrx_word' id='word_1_228' title='bbox 809 3352 993 3419; x_wconf 87' lang='lat' dir='ltr'>sollicitudo</span> <span class='ocrx_word' id='word_1_229' title='bbox 1002 3352 1237 3418; x_wconf 73' lang='lat' dir='ltr'>mortalisritae</span> <span class='ocrx_word' id='word_1_230' title='bbox 1250 3353 1329 3418; x_wconf 89' lang='lat' dir='ltr'>totis</span> <span class='ocrx_word' id='word_1_231' title='bbox 1339 3354 1466 3418; x_wconf 86' lang='lat' dir='ltr'>nisibus</span> 
     </span>
     <span class='ocr_line' id='line_1_30' title="bbox 255 3449 1609 3537; baseline -0.005 -16"><span class='ocrx_word' id='word_1_232' title='bbox 255 3457 291 3521; x_wconf 94' lang='lat' dir='ltr'>in</span> <span class='ocrx_word' id='word_1_233' title='bbox 306 3475 453 3519; x_wconf 88' lang='lat' dir='ltr'>carorum</span> <span class='ocrx_word' id='word_1_234' title='bbox 467 3455 711 3537; x_wconf 82' lang='lat' dir='ltr'>amicorumque</span> <span class='ocrx_word' id='word_1_235' title='bbox 732 3452 907 3517; x_wconf 86' lang='lat' dir='ltr'>amissione</span> <span class='ocrx_word' id='word_1_236' title='bbox 927 3452 1138 3535; x_wconf 87' lang='lat' dir='ltr'>conqueritur</span> <span class='ocrx_word' id='word_1_237' title='bbox 1149 3471 1190 3515; x_wconf 88' lang='lat' dir='ltr'>ac</span> <span class='ocrx_word' id='word_1_238' title='bbox 1202 3449 1363 3515; x_wconf 84' lang='lat' dir='ltr'>defletur.</span> <span class='ocrx_word' id='word_1_239' title='bbox 1385 3450 1466 3515; x_wconf 90' lang='lat' dir='ltr'>Ideo</span> <span class='ocrx_word' id='word_1_240' title='bbox 1594 3454 1609 3505; x_wconf 86' lang='grc'>.“</span> 
     </span>
     <span class='ocr_line' id='line_1_31' title="bbox 255 3548 1652 3636; baseline -0.002 -18"><span class='ocrx_word' id='word_1_241' title='bbox 255 3554 352 3619; x_wconf 90' lang='lat' dir='ltr'>certis</span> <span class='ocrx_word' id='word_1_242' title='bbox 380 3551 693 3636; x_wconf 88' lang='lat' dir='ltr'>adstipulaciouibus</span> <span class='ocrx_word' id='word_1_243' title='bbox 722 3550 850 3616; x_wconf 87' lang='lat' dir='ltr'>mellita</span> <span class='ocrx_word' id='word_1_244' title='bbox 880 3548 1009 3615; x_wconf 87' lang='lat' dir='ltr'>oracula</span> <span class='ocrx_word' id='word_1_245' title='bbox 1032 3549 1153 3614; x_wconf 77' lang='lat' dir='ltr'>divina</span> <span class='ocrx_word' id='word_1_246' title='bbox 1176 3548 1384 3615; x_wconf 78' lang='lat' dir='ltr'>clamuciorns</span> <span class='ocrx_word' id='word_1_247' title='bbox 1406 3570 1467 3615; x_wconf 83' lang='lat' dir='ltr'>nos</span> <span class='ocrx_word' id='word_1_248' title='bbox 1595 3558 1609 3593; x_wconf 79' lang='lat'>·‘</span> <span class='ocrx_word' id='word_1_249' title='bbox 1644 3550 1652 3593; x_wconf 90' lang='lat'>:</span> 
     </span>
     <span class='ocr_line' id='line_1_32' title="bbox 256 3632 1633 3736; baseline -0.004 -19"><span class='ocrx_word' id='word_1_250' title='bbox 256 3651 470 3736; x_wconf 78' lang='lat' dir='ltr'>trequentivis</span> <span class='ocrx_word' id='word_1_251' title='bbox 485 3650 705 3714; x_wconf 85' lang='lat' dir='ltr'>ortaciouibus</span> <span class='ocrx_word' id='word_1_252' title='bbox 727 3649 844 3714; x_wconf 87' lang='lat' dir='ltr'>suadet</span> <span class='ocrx_word' id='word_1_253' title='bbox 858 3656 897 3713; x_wconf 91' lang='lat' dir='ltr'>ut</span> <span class='ocrx_word' id='word_1_254' title='bbox 910 3669 986 3713; x_wconf 91' lang='lat' dir='ltr'>curn</span> <span class='ocrx_word' id='word_1_255' title='bbox 999 3648 1052 3713; x_wconf 91' lang='lat' dir='ltr'>his</span> <span class='ocrx_word' id='word_1_256' title='bbox 1066 3648 1217 3733; x_wconf 82' lang='lat' dir='ltr'>fugitivis</span> <span class='ocrx_word' id='word_1_257' title='bbox 1230 3655 1265 3713; x_wconf 88' lang='lat' dir='ltr'>et</span> <span class='ocrx_word' id='word_1_258' title='bbox 1278 3648 1351 3713; x_wconf 87' lang='lat' dir='ltr'>sine</span> <span class='ocrx_word' id='word_1_259' title='bbox 1364 3647 1466 3713; x_wconf 90' lang='lat' dir='ltr'>dubio</span> <span class='ocrx_word' id='word_1_260' title='bbox 1598 3632 1607 3663; x_wconf 68' lang='lat'>³</span> <span class='ocrx_word' id='word_1_261' title='bbox 1627 3652 1633 3661; x_wconf 83' lang='lat'><em>&#39;</em></span> 
     </span>
     <span class='ocr_line' id='line_1_33' title="bbox 255 3747 1467 3833; baseline -0.002 -19"><span class='ocrx_word' id='word_1_262' title='bbox 255 3750 451 3815; x_wconf 88' lang='lat' dir='ltr'>transitoriis</span> <span class='ocrx_word' id='word_1_263' title='bbox 471 3747 744 3833; x_wconf 86' lang='lat' dir='ltr'>possessiunculis</span> <span class='ocrx_word' id='word_1_264' title='bbox 765 3748 890 3833; x_wconf 78' lang='lat' dir='ltr'>jugiter</span> <span class='ocrx_word' id='word_1_265' title='bbox 913 3768 1067 3813; x_wconf 86' lang='lat' dir='ltr'>mansura</span> <span class='ocrx_word' id='word_1_266' title='bbox 1092 3766 1193 3832; x_wconf 82' lang='lat' dir='ltr'>regna</span> <span class='ocrx_word' id='word_1_267' title='bbox 1219 3747 1285 3811; x_wconf 87' lang='lat' dir='ltr'>Dei</span> <span class='ocrx_word' id='word_1_268' title='bbox 1314 3747 1467 3833; x_wconf 63' lang='lat' dir='ltr'>suffraffl&#39;o</span> 
     </span>
     <span class='ocr_line' id='line_1_34' title="bbox 254 3846 577 3933; baseline 0 -20"><span class='ocrx_word' id='word_1_269' title='bbox 254 3846 462 3933; x_wconf 86' lang='lat' dir='ltr'>adipiscenda</span> <span class='ocrx_word' id='word_1_270' title='bbox 475 3855 577 3913; x_wconf 88' lang='lat' dir='ltr'>sunt.</span> 
     </span>
    </p>

    <p class='ocr_par' dir='ltr' id='par_1_10' title="bbox 252 3943 1468 4523">
     <span class='ocr_line' id='line_1_35' title="bbox 301 3943 1468 4030; baseline 0 -19"><span class='ocrx_word' id='word_1_271' title='bbox 301 3948 409 4025; x_wconf 88' lang='lat' dir='ltr'>Quam</span> <span class='ocrx_word' id='word_1_272' title='bbox 433 3947 477 4011; x_wconf 89' lang='lat' dir='ltr'>ob</span> <span class='ocrx_word' id='word_1_273' title='bbox 500 3965 632 4011; x_wconf 87' lang='lat' dir='ltr'>causam</span> <span class='ocrx_word' id='word_1_274' title='bbox 658 3964 718 4030; x_wconf 83' lang='lat' dir='ltr'>ego</span> <span class='ocrx_word' id='word_1_275' title='bbox 739 3944 925 4010; x_wconf 76' lang='lat' dir='ltr'>Eauasnus</span> <span class='ocrx_word' id='word_1_276' title='bbox 942 3964 1000 4010; x_wconf 76' lang='lat' dir='ltr'>rex</span> <span class='ocrx_word' id='word_1_277' title='bbox 1023 3943 1206 4029; x_wconf 87' lang='lat' dir='ltr'>Anglcrurn</span> <span class='ocrx_word' id='word_1_278' title='bbox 1222 3949 1468 4028; x_wconf 72' lang='lat' dir='ltr'>cetemmque</span> 
     </span>
     <span class='ocr_line' id='line_1_36' title="bbox 252 4042 1467 4131; baseline -0.003 -20"><span class='ocrx_word' id='word_1_279' title='bbox 252 4047 404 4131; x_wconf 84' lang='lat' dir='ltr'>gencium</span> <span class='ocrx_word' id='word_1_280' title='bbox 427 4046 463 4109; x_wconf 95' lang='lat' dir='ltr'>in</span> <span class='ocrx_word' id='word_1_281' title='bbox 484 4045 623 4109; x_wconf 88' lang='lat' dir='ltr'>circuitu</span> <span class='ocrx_word' id='word_1_282' title='bbox 649 4044 899 4128; x_wconf 84' lang='lat' dir='ltr'>persistcucium</span> <span class='ocrx_word' id='word_1_283' title='bbox 926 4044 1123 4129; x_wconf 84' lang='lat' dir='ltr'>gubernator</span> <span class='ocrx_word' id='word_1_284' title='bbox 1150 4050 1313 4109; x_wconf 73' lang='lat' dir='ltr'>structor</span> <span class='ocrx_word' id='word_1_285' title='bbox 1334 4042 1467 4107; x_wconf 86' lang='lat' dir='ltr'>cuidam</span> 
     </span>
     <span class='ocr_line' id='line_1_37' title="bbox 256 4140 1467 4227; baseline -0.003 -18"><span class='ocrx_word' id='word_1_286' title='bbox 256 4145 344 4211; x_wconf 85' lang='lat' dir='ltr'>fideli</span> <span class='ocrx_word' id='word_1_287' title='bbox 364 4166 437 4210; x_wconf 90' lang='lat' dir='ltr'>meo</span> <span class='ocrx_word' id='word_1_288' title='bbox 464 4144 615 4208; x_wconf 90' lang='lat' dir='ltr'>ministro</span> <span class='ocrx_word' id='word_1_289' title='bbox 638 4144 782 4208; x_wconf 80' lang='lat' dir='ltr'>vocitato</span> <span class='ocrx_word' id='word_1_290' title='bbox 807 4142 939 4207; x_wconf 88' lang='lat' dir='ltr'>nomine</span> <span class='ocrx_word' id='word_1_291' title='bbox 963 4142 1135 4207; x_wconf 76' lang='lat' dir='ltr'>annuum</span> <span class='ocrx_word' id='word_1_292' title='bbox 1159 4162 1221 4227; x_wconf 91' lang='lat' dir='ltr'>pro</span> <span class='ocrx_word' id='word_1_293' title='bbox 1241 4142 1312 4225; x_wconf 88' lang='lat' dir='ltr'>ejus</span> <span class='ocrx_word' id='word_1_294' title='bbox 1332 4140 1467 4205; x_wconf 85' lang='lat' dir='ltr'>amabili</span> 
     </span>
     <span class='ocr_line' id='line_1_38' title="bbox 253 4239 1468 4327; baseline -0.004 -19"><span class='ocrx_word' id='word_1_295' title='bbox 253 4244 443 4309; x_wconf 89' lang='lat' dir='ltr'>obediencia</span> <span class='ocrx_word' id='word_1_296' title='bbox 456 4244 592 4327; x_wconf 88' lang='lat' dir='ltr'>ejusque</span> <span class='ocrx_word' id='word_1_297' title='bbox 606 4241 761 4325; x_wconf 88' lang='lat' dir='ltr'>placabili</span> <span class='ocrx_word' id='word_1_298' title='bbox 775 4242 914 4326; x_wconf 87' lang='lat' dir='ltr'>pecunia</span> <span class='ocrx_word' id='word_1_299' title='bbox 929 4261 1029 4325; x_wconf 86' lang='lat' dir='ltr'>quarn</span> <span class='ocrx_word' id='word_1_300' title='bbox 1043 4239 1144 4305; x_wconf 90' lang='lat' dir='ltr'>michi</span> <span class='ocrx_word' id='word_1_301' title='bbox 1158 4241 1271 4304; x_wconf 75' lang='lat' dir='ltr'>maure</span> <span class='ocrx_word' id='word_1_302' title='bbox 1278 4239 1468 4304; x_wconf 86' lang='lat' dir='ltr'>devocionis</span> 
     </span>
     <span class='ocr_line' id='line_1_39' title="bbox 254 4337 1468 4427; baseline -0.004 -20"><span class='ocrx_word' id='word_1_303' title='bbox 254 4344 409 4427; x_wconf 86' lang='lat' dir='ltr'>obsequio</span> <span class='ocrx_word' id='word_1_304' title='bbox 424 4341 545 4407; x_wconf 90' lang='lat' dir='ltr'>detulit</span> <span class='ocrx_word' id='word_1_305' title='bbox 559 4392 567 4407; x_wconf 91' lang='lat'>.</span> <span class='ocrx_word' id='word_1_306' title='bbox 579 4356 640 4404; x_wconf 91' lang='lat'>111.</span> <span class='ocrx_word' id='word_1_307' title='bbox 656 4361 788 4406; x_wconf 88' lang='lat' dir='ltr'>mansas</span> <span class='ocrx_word' id='word_1_308' title='bbox 803 4339 937 4425; x_wconf 79' lang='lat' dir='ltr'>agelluli</span> <span class='ocrx_word' id='word_1_309' title='bbox 959 4340 990 4405; x_wconf 85' lang='lat' dir='ltr'>ei</span> <span class='ocrx_word' id='word_1_310' title='bbox 1011 4339 1153 4405; x_wconf 87' lang='lat' dir='ltr'>libenter</span> <span class='ocrx_word' id='word_1_311' title='bbox 1165 4338 1333 4423; x_wconf 79' lang='lat' dir='ltr'>largiendo</span> <span class='ocrx_word' id='word_1_312' title='bbox 1346 4337 1468 4403; x_wconf 81' lang='lat' dir='ltr'>donavi</span> 
     </span>
     <span class='ocr_line' id='line_1_40' title="bbox 252 4427 1468 4523; baseline -0.002 -18"><span class='ocrx_word' id='word_1_313' title='bbox 252 4441 289 4505; x_wconf 91' lang='lat' dir='ltr'>in</span> <span class='ocrx_word' id='word_1_314' title='bbox 304 4440 363 4505; x_wconf 90' lang='lat' dir='ltr'>illo</span> <span class='ocrx_word' id='word_1_315' title='bbox 377 4440 450 4505; x_wconf 88' lang='lat' dir='ltr'>loco</span> <span class='ocrx_word' id='word_1_316' title='bbox 463 4440 521 4504; x_wconf 90' lang='lat' dir='ltr'>ubi</span> <span class='ocrx_word' id='word_1_317' title='bbox 532 4438 730 4523; x_wconf 89' lang='lat' dir='ltr'>jamdudum</span> <span class='ocrx_word' id='word_1_318' title='bbox 745 4438 879 4505; x_wconf 83' lang='lat' dir='ltr'>solicola</span> <span class='ocrx_word' id='word_1_319' title='bbox 897 4438 989 4503; x_wconf 87' lang='lat' dir='ltr'>illius</span> <span class='ocrx_word' id='word_1_320' title='bbox 1010 4437 1154 4523; x_wconf 65' lang='grc' dir='ltr'>τοςίοιιίε</span> <span class='ocrx_word' id='word_1_321' title='bbox 1167 4457 1288 4502; x_wconf 87' lang='lat' dir='ltr'>nomen</span> <span class='ocrx_word' id='word_1_322' title='bbox 1303 4427 1468 4523; x_wconf 66' lang='lat' dir='ltr'>immme-</span> 
     </span>
    </p>
   </div>
   <div class='ocr_carea' id='block_1_9' title="bbox 194 4572 1470 4752">
    <p class='ocr_par' dir='ltr' id='par_1_11' title="bbox 194 4572 1470 4752">
     <span class='ocr_line' id='line_1_41' title="bbox 194 4572 1470 4671; baseline -0.005 -13"><span class='ocrx_word' id='word_1_323' title='bbox 194 4572 196 4576; x_wconf 63' lang='grc'><strong>’</strong></span> <span class='ocrx_word' id='word_1_324' title='bbox 302 4600 1470 4671; x_wconf 61' lang='lat' dir='ltr'>¹mnmnpaomnaraya.‚nouaeuaau0m.raanrsnuy</span> 
     </span>
     <span class='ocr_line' id='line_1_42' title="bbox 253 4684 1191 4752; baseline -0.002 -14"><span class='ocrx_word' id='word_1_325' title='bbox 253 4703 287 4738; x_wconf 81' lang='lat' dir='ltr'>an</span> <span class='ocrx_word' id='word_1_326' title='bbox 297 4688 420 4737; x_wconf 71' lang='lat' dir='ltr'>iamrtion</span> <span class='ocrx_word' id='word_1_327' title='bbox 431 4688 473 4736; x_wconf 82' lang='lat' dir='ltr'>lor</span> <span class='ocrx_word' id='word_1_328' title='bbox 482 4687 529 4737; x_wconf 83' lang='lat' dir='ltr'>the</span> <span class='ocrx_word' id='word_1_329' title='bbox 538 4692 606 4749; x_wconf 78' lang='lat' dir='ltr'>text,</span> <span class='ocrx_word' id='word_1_330' title='bbox 616 4686 743 4752; x_wconf 68' lang='lat' dir='ltr'>probably</span> <span class='ocrx_word' id='word_1_331' title='bbox 753 4686 823 4738; x_wconf 77' lang='lat' dir='ltr'>atter</span> <span class='ocrx_word' id='word_1_332' title='bbox 832 4686 1011 4737; x_wconf 74' lang='lat' dir='ltr'>“festinanter</span> <span class='ocrx_word' id='word_1_333' title='bbox 1019 4684 1191 4750; x_wconf 54' lang='lat' dir='ltr'>pomum</span> 
     </span>
    </p>
   </div>
   <div class='ocr_carea' id='block_1_10' title="bbox 0 0 1902 5498">
    <p class='ocr_par' dir='ltr' id='par_1_12' title="bbox 0 0 1902 5498">
     <span class='ocr_line' id='line_1_43' title="bbox 0 0 1902 5498; baseline 0 0"><span class='ocrx_word' id='word_1_334' title='bbox 0 0 1902 5498; x_wconf 95' lang='lat' dir='ltr'> </span> 
     </span>
    </p>
   </div>
  </div>
 </body>
</html>
