3788 5498
372 393 437 459 392
694 446 696 449 .
723 401 927 454 mauman
949 401 992 452 ro
1014 401 1217 452 sarnacum
1406 385 1486 473 [aa
1499 402 1576 470 933.

371 699 444 762 695.
466 695 723 759 Wrrsxaoauor
737 709 780 757 ar
802 693 1036 758 curararum
1062 693 1164 757 θταιιι
1185 693 1224 775 ty
1239 691 1527 775 529.AEan
1547 698 1580 756 to
1615 658 1619 666 ⁸

502 795 671 859 merlaria
688 793 878 875 Menestam,
892 793 933 871 os
948 792 1029 855 laval
1050 799 1085 855 at
1107 792 1244 856 Bredas
1255 791 1347 873 soal,
1359 811 1399 855 or
1412 789 1580 875 Bradsord

503 893 617 968 Attus,
631 914 672 956 co.
687 891 804 955 Darae.
850 889 927 954 2dtb
942 889 1104 973 Ianuary,
1119 905 1181 954 alt.
1198 889 1273 954 933.

635 1030 749 1094 caari
769 1044 965 1092 rumancu
980 1044 1070 1092 aren
1092 1029 1317 1092 Baaorroan.
1369 1068 1375 1077 ·

416 1145 574 1208 Fanum
596 1145 723 1209 fortiter
744 1144 935 1209 detestanda
950 1144 1131 1209 titillantis¹
1146 1142 1255 1208 saeculi
1277 1143 1408 1228 piacula
1425 1143 1506 1208 diris
1522 1141 1581 1207 ob-

317 1323 320 1329 ·
372 1263 477 1308 scenae
492 1242 720 1327 horrendaque
732 1244 939 1308 mortalitatis
948 1245 1163 1328 circumsepta
1172 1242 1309 1307 latribus
1321 1264 1387 1308 non
1401 1263 1462 1306 nos
1475 1242 1583 1326 patria

371 1341 539 1425 indempto
553 1342 642 1425 pacis
658 1363 785 1406 securos
801 1392 809 1418 ,
824 1343 881 1407 sed
896 1344 989 1428 quasi
1005 1343 1113 1407 fetidae
1136 1342 1327 1426 corruptelae
1341 1344 1378 1406 in
1392 1344 1581 1428 uoraginem

373 1461 504 1505 casuros
522 1441 725 1524 provocando
747 1451 936 1507 ammonent
958 1450 996 1507 ut
1018 1463 1056 1506 ea
1079 1449 1148 1507 toto
1169 1443 1288 1507 mentis
1313 1442 1485 1507 conamine
1507 1463 1583 1507 cum

373 1540 504 1604 casibus
525 1540 592 1604 suis
616 1561 681 1603 non
707 1541 813 1606 solum
839 1541 1047 1625 despiciendo
1070 1539 1127 1607 sed
1154 1541 1249 1606 etiarn
1265 1540 1359 1606 velat
1381 1541 1584 1606 fastidiosam

373 1637 572 1702 melancolia·
564 1638 735 1704 ·nausiarn
746 1639 962 1704 abominando
972 1640 1038 1702 lu‹'
1008 1661 1134 1724 granius
1145 1639 1315 1705 tendentes
1329 1639 1373 1704 ad
1386 1638 1472 1704 illud
1486 1660 1584 1705 eran·

372 1737 547 1822 gelicum⁴¹
556 1735 676 1819 Date]
693 1710 835 1801 dabitur
840 1738 949 1801 ιοῑιίε”
951 1737 1045 1814 ,Qua
1061 1738 1101 1802 de
1117 1759 1151 1802 ra
1166 1738 1277 1801 infima
1291 1737 1385 1822 quasi
1407 1737 1586 1822 peripsima

373 1835 626 1921 quisquiliarum
648 1836 791 1901 abiciens
811 1857 952 1920 superna
974 1836 1015 1900 ad
1038 1837 1140 1900 instar
1162 1837 1383 1922 praetiosorum
1406 1837 1579 1902 rnorriliam
1619 1864 1621 1868 ¹

374 1934 499 2018 eligens
520 1934 668 1998 animum
691 1934 897 2018 sempiteniis
919 1935 955 1997 in
974 1935 1102 2018 gaudiis
1128 1936 1229 2020 figens
1245 1935 1308 2012 ,ad
1334 1935 1585 1999 naumsoendam

365 2032 541 2098 'mellifluae
555 2032 738 2097 dulcedinis
753 2032 1003 2097 misericonliarn
1016 2033 1306 2118 perfruendumque
1320 2033 1459 2097 infinite
1473 2031 1587 2098 letitiae

313 2138 317 2145 ’
371 2129 633 2213 jocunditatem.

419 2227 489 2312 Ego
511 2227 769 2293 AErumsrauus
794 2249 851 2293 rex
877 2227 1056 2311 anglorum
1075 2249 1133 2310 per
1156 2229 1400 2295 Omnitonantis
1419 2231 1588 2296 dexteram

375 2326 478 2391 totius
496 2327 697 2410 Bryttanuiae
711 2327 803 2411 regni
818 2327 899 2391 solio
915 2326 1101 2391 sullimatus
1115 2329 1279 2411 quandam
1293 2329 1424 2393 telluris
1438 2328 1588 2412 particu-

375 2425 443 2489 lam
459 2425 547 2489 fideli
566 2426 852 2490 Sc1nrau1ma’srs
872 2426 1060 2490 monasterii
1077 2426 1209 2490 familia
1230 2428 1263 2491 id
1284 2436 1335 2492 est
1349 2444 1373 2492 x
1388 2438 1588 2492 mssatarum

376 2525 412 2588 in
427 2525 499 2588 loco
514 2544 611 2608 quem
633 2523 773 2589 solicolae
795 2530 838 2588 aet
860 2525 1003 2589 llannax
1027 2539 1135 2588 rolina
1151 2525 1297 2588 vocitant
1316 2525 1460 2590 libenter
1480 2526 1590 2589 tribuo

336 2639 339 2644 ’
377 2645 416 2688 eo
431 2630 540 2688 lamen
562 2623 754 2707 interposito
774 2630 886 2687 tenore
902 2675 910 2698 ,
926 2630 965 2687 ut
986 2623 1212 2707 unusquisque
1234 2624 1391 2707 praedicta
1405 2646 1447 2688 er
1463 2623 1588 2687 farrailia
1628 2626 1632 2632 '

378 2724 466 2787 ouini
488 2744 574 2786 anno
589 2723 623 2786 iu
638 2729 830 2787 cunctorum
851 2722 1029 2786 festivitate
1054 2722 1245 2786 &auctorum
1260 2743 1333 2807 quae
1356 2743 1486 2807 semper
1502 2723 1540 2786 lit
1554 2722 1588 2784 iu

380 2823 539 2887 Kalendis
548 2822 743 2886 Novernbris
754 2822 870 2885 animae
886 2841 945 2903 qno
959 2821 1146 2885 excessibus
1162 2841 1239 2885 meae
1252 2871 1259 2896 ‚
1271 2821 1436 2904 integrum
1445 2821 1592 2904 exceptis

379 2921 454 2985 aliis
476 2921 656 2985 orationum
678 2920 956 2985 obsecrationibus
978 2919 1128 2983 tlecautet
1151 2918 1364 3003 psalterium,
1382 2911 1520 3000 adjectis
1541 2918 1592 2982 in-

382 3041 480 3105 super
505 3021 675 3084 missarmn
706 3017 977 3084 celebrationibus
1003 3018 1173 3082 indefessis
1196 3069 1205 3094 ‚
1225 3018 1382 3100 quatinus
1406 3017 1593 3082 antedictus

382 3119 571 3184 clericorum
586 3140 662 3203 grex
678 3117 769 3181 illam
784 3138 859 3181 curn
882 3117 1033 3180 omnibus
1048 3116 1089 3179 ad
1105 3135 1177 3180 earu
1201 3114 1400 3179 utilitatibus
1415 3115 1480 3180 rite
1493 3116 1594 3200 perti·
1650 3139 1653 3142 ⁴

358 3231 360 3235 '
383 3219 538 3282 uentibus
566 3216 744 3281 liberaliter
765 3236 803 3279 ac
829 3214 1078 3278 immutabiliter
1101 3214 1171 3278 sine
1192 3214 1271 3298 jugo
1300 3235 1406 3279 exose
1424 3213 1594 3278 servitutis

381 3317 501 3382 lrabeat
515 3337 553 3380 ac
567 3337 628 3382 evo
643 3315 781 3380 feliciter
795 3313 982 3398 perfruatur
995 3321 1118 3377 aeterno
1132 3362 1140 3378 .

427 3415 586 3481 Praedicta
615 3415 776 3498 siquidem
798 3412 897 3476 tellus
919 3411 972 3474 bis
996 3411 1144 3475 torminis
1171 3411 1400 3476 circumcincta
1422 3411 1594 3476 clarescit.

332 3513 334 3518 ’
382 3517 494 3582 AErest
516 3537 557 3579 on
579 3524 648 3579 east
670 3513 776 3577 healfe
792 3564 800 3587 ‚
815 3513 852 3574 of
870 3519 981 3574 eastan
999 3509 1113 3593 u'ylles
1136 3510 1252 3575 beafde
1267 3563 1276 3587 ,
1290 3510 1356 3574 and
1378 3509 1456 3595 lang
1475 3510 1546 3575 lace
1561 3516 1597 3574 to

383 3615 622 3698 myleubnrnan
646 3666 654 3690 ‚
674 3612 796 3675 tbonne
822 3609 886 3673 and
917 3609 994 3693 lang
1023 3618 1178 3674 streames
1202 3609 1258 3674 otb
1284 3608 1360 3693 gille
1374 3659 1384 3686 ‚
1399 3610 1524 3674 tboane
1549 3609 1598 3674 eft

383 3712 450 3777 aad
473 3712 550 3796 lang
572 3720 726 3774 streames
748 3708 806 3772 oth
827 3728 945 3773 sennan
970 3708 1024 3792 pol
1047 3709 1171 3773 tbauon
1195 3708 1260 3772 aud
1284 3708 1363 3793 lang
1386 3709 1459 3773 lace
1480 3707 1597 3772 othtba
1668 3718 1670 3723 ’

384 3815 501 3879 ealdan
518 3814 569 3878 dic
585 3865 593 3888 ,
607 3813 731 3877 thanne
751 3811 816 3874 aad
837 3810 915 3896 lang
935 3811 988 3874 dic
1008 3810 1065 3874 oth
1088 3810 1294 3876 bloscumbes
1312 3810 1435 3875 heafud
1448 3861 1458 3887 ‚
1473 3810 1597 3874 thauon

385 3935 428 3977 on
462 3933 577 3997 erge,
606 3911 669 3975 and
701 3910 777 3992 lang
810 3929 886 3992 ecge
919 3908 1035 3973 otbtba
1071 3909 1124 3973 dic
1150 3909 1273 3974 tbanon
1306 3909 1372 3973 and
1402 3909 1481 3993 laag
1509 3909 1562 3972 dic
1589 3959 1600 3984 ,

386 4011 444 4075 otb
461 4009 603 4095 ecgultes
616 4015 741 4084 treow,
756 4007 880 4071 thanon
903 4015 972 4071 east
996 4016 1031 4071 to
1050 4008 1235 4073 attendere
1258 4007 1512 4072 middeweardre
1533 4007 1598 4072 and

387 4110 465 4194 lang
479 4109 562 4173 dene
576 4109 624 4172 eft
638 4116 674 4172 to
688 4113 788 4172 attan
803 4104 931 4189 wylle.

432 4209 467 4274 Si
489 4217 600 4273 autem
620 4206 731 4291 ‚quod
754 4205 840 4270 absit
856 4205 997 4291 ,aliquia
1018 4204 1177 4270 diabolica
1195 4163 1349 4290 deceptus
1373 4206 1490 4271 bande
1516 4204 1601 4271 hauc

388 4329 468 4372 mee
497 4307 703 4372 liberalitatis
728 4305 971 4370 breviculam
960 4326 995 4369 m
1025 4305 1137 4388 aliquo
1171 4305 1291 4370 elidere
1320 4305 1421 4371 vel
1409 4326 1602 4390 impugnare
1705 4327 1707 4332 ·

388 4407 600 4491 temptauerit
629 4405 712 4470 sciat
744 4425 779 4469 sc
813 4404 866 4468 die
901 4404 1075 4469 tremenda
1108 4403 1321 4468 districtionis
1357 4403 1478 4467 ultima
1514 4403 1602 4467 clara

390 4505 544 4571 reboante
570 4503 765 4587 Archangeli
790 4523 868 4567 voce
888 4522 965 4566 cum
987 4501 1075 4565 duda
1096 4501 1258 4584 proditore
1278 4502 1335 4585 qui
1361 4523 1380 4565 a
1405 4502 1522 4566 satoris
1546 4501 1602 4586 pio

794 4662 804 4698 ¹
822 4664 940 4725 Gloasd,
950 4661 997 4725 ἐι,
1008 4663 1024 4688 “
1031 4661 1206 4717 amad.
