3788 5498
232 420 297 471 tn·
311 408 400 492 934]
584 380 788 478 mussan
809 431 852 480 rc
874 432 1083 484 vonam
1211 500 1216 508 .
1361 421 1424 485 401
1487 429 1495 437 ’

232 587 300 644 tam
314 600 409 664 snper
422 581 631 648 Brittannicos
644 587 751 669 gentis
772 608 870 672 quarn
893 609 990 673 snper
1009 589 1145 654 aliamn
1160 590 1331 654 nationum
1343 590 1422 657 hnic

232 679 431 744 subditarum
445 680 615 765 imperium
637 683 782 750 elevatus
804 707 879 750 rex.
894 687 935 751 de
956 688 1097 752 remedio
1111 689 1237 752 animae
1251 708 1423 772 meaepre·

232 778 390 842 meditans
418 777 565 863 diemque
595 782 799 846 tremendum
836 785 986 848 terribili¹
1016 786 1174 850 examinis
1209 794 1286 850 aute
1314 786 1424 852 oculos

231 876 336 940 cordis
356 896 547 960 componens
569 899 668 962 quam
689 879 842 945 horribile
864 883 926 945 erit
947 881 1100 946 standum
1121 890 1197 947 ante
1223 883 1368 947 tribunal
1389 891 1423 948 et

232 981 436 1059 conspectum
457 976 578 1040 aeterni
596 974 736 1058 judicis.
752 978 881 1061 qnando
902 980 1003 1043 totius
1024 981 1137 1043 mundi
1160 980 1310 1044 machina
1323 1001 1423 1044 vorax
1445 985 1449 991 '

232 1071 361 1136 flamma
375 1074 408 1136 in
424 1073 566 1136 [axillam
588 1072 760 1156 redigendo
782 1085 972 1138 consumat.
997 1077 1074 1140 Ideo
1088 1077 1172 1142 hanc
1192 1077 1376 1143 libertatem
1389 1085 1425 1142 et

232 1168 330 1251 hujus
358 1169 536 1234 elemosinae
565 1171 848 1235 munificentiam.
874 1193 931 1255 pro
960 1174 1175 1256 expiationem
1200 1175 1423 1258 peccaminum

232 1289 375 1334 meorum
397 1277 431 1334 et
451 1267 628 1332 stabilitate
650 1269 741 1350 regni
755 1270 819 1332 mei
841 1271 939 1334 etiam
961 1292 1018 1354 pro
1040 1293 1144 1337 amore
1159 1273 1270 1356 patriae
1284 1273 1425 1338 coelestis
1496 1319 1500 1325 -
1524 1347 1529 1351 ,
1570 1318 1574 1323 -

233 1366 316 1431 dabo
330 1366 468 1450 aliquam
484 1375 607 1449 partem
622 1365 749 1429 telluris
763 1367 827 1429 mei
840 1366 880 1430 ad
892 1368 1058 1432 eeclesiam
1069 1369 1168 1434 besue
1179 1371 1241 1434 Dei
1250 1371 1423 1455 genetricis
1439 1385 1450 1401 ·

233 1485 420 1549 semperque
441 1465 573 1548 virginis
596 1462 719 1526 Mariae
741 1484 824 1548 quae
847 1465 910 1528 sita
931 1467 1037 1529 estin
1064 1466 1245 1550 Vsouesxn
1269 1469 1422 1534 civitate.

232 1563 294 1628 hoc
308 1563 370 1628 est²
389 1564 424 1626 in
439 1562 547 1646 Vener
563 1562 682 1626 retos³
696 1612 704 1626 .
720 1578 742 1624 v
757 1611 765 1625 .
781 1564 984 1627 manentium
999 1613 1007 1627 .
1021 1573 1056 1629 et
1071 1586 1112 1629 on
1124 1565 1185 1630 cof
1199 1573 1279 1632 tune
1293 1573 1337 1631 aet
1350 1571 1424 1653 pum

232 1662 309 1726 ham
322 1661 433 1727 stealle
448 1712 455 1725 .
471 1678 491 1724 v
508 1713 515 1726 .
530 1669 746 1725 cassatorum.
762 1682 804 1724 on
822 1661 1054 1745 Vreodnn-hale
1091 1678 1113 1723 v
1128 1714 1135 1726 .
1152 1666 1374 1729 manentium.
1389 1673 1424 1731 et

232 1761 267 1825 in
288 1759 353 1824 alio
373 1761 443 1825 loco
466 1761 497 1823 in
523 1759 756 1841 Vaersethylle.
772 1759 856 1823 etin
874 1759 1033 1844 Hoppuda
1048 1760 1182 1824 duorum
1198 1763 1422 1827 manentium.

234 1859 382 1923 similiter
407 1860 441 1922 in
464 1859 560 1922 tertio
582 1857 654 1922 loco
669 1906 676 1920 .
693 1872 732 1920 111
748 1907 755 1920 .
772 1866 940 1922 manentes
955 1857 989 1920 id
1004 1857 1067 1922 est²
1081 1859 1264 1922 nominatus
1279 1859 1428 1943 pihtlnles

233 1956 319 2022 feld.
334 1957 381 2020 Ea
402 1957 588 2020 condicione
609 1961 648 2019 ut
669 1955 772 2019 libera
797 1964 984 2038 permanent
1008 1956 1042 2018 in
1057 1976 1172 2018 aevum
1186 1955 1327 2020 tamdiu
1342 1958 1423 2022 fides

236 2055 415 2120 Christiane
427 2054 590 2138 religionis
601 2052 688 2136 apud
698 2053 822 2134 Anglos
832 2053 866 2115 in
880 2053 1064 2116 Brittannia
1072 2061 1279 2136 permaneat.
1303 2053 1429 2120 Solntc‘
1449 2047 1460 2143 J

234 2155 279 2220 sit
292 2155 333 2217 ab
347 2153 433 2217 omni
455 2151 596 2216 humano
617 2150 784 2215 servitutis
802 2151 883 2234 jugo
897 2201 905 2214 .
920 2160 954 2214 et
975 2151 1017 2214 ab
1038 2151 1187 2215 omnibus
1211 2151 1427 2218 saecularibus

235 2252 366 2316 tributis
388 2259 421 2315 ct
442 2248 652 2331 vectigalibus
675 2269 749 2312 cum
771 2248 897 2312 cunctis
920 2247 1117 2313 utilitatibus
1138 2248 1179 2312 ad
1201 2248 1293 2312 illam
1308 2250 1429 2315 aeccle·

235 2350 316 2415 siam
324 2350 386 2414 rite
397 2348 631 2432 pertinentibus
643 2397 650 2411 .
663 2346 770 2410 silvis.
782 2346 904 2428 campis
915 2395 923 2411 .
935 2347 1037 2428 pratis
1048 2395 1055 2408 .
1067 2346 1211 2427 pascuis.
1221 2346 1427 2412 fluminibus.

234 2452 380 2537 excepto⁴
395 2451 500 2535 pontis
515 2448 568 2513 vel
582 2448 665 2512 arcis
679 2447 914 2512 reedificatione
928 2455 962 2510 et
973 2447 1090 2512 viatica
1100 2448 1304 2531 expeditione
1315 2458 1428 2514 contra
1464 2537 1468 2542 q
1488 2438 1492 2445 ’

235 2551 363 2617 hostes.

279 2651 375 2714 Anno
386 2645 552 2711 dominice
563 2642 794 2708 incarnationis
810 2658 933 2706 .ucccc
945 2691 953 2706 .
964 2658 1033 2706 xxx
1044 2688 1052 2706 .
1062 2643 1150 2727 regni
1162 2664 1238 2708 vero
1252 2644 1333 2708 mihi
1343 2665 1429 2709 conr·

235 2749 326 2813 missi
342 2795 349 2810 .
364 2763 398 2810 w
414 2794 421 2810 .
437 2743 618 2809 Indicticne
631 2793 638 2805 .
653 2758 701 2804 ΠΙ
718 2790 726 2803 .
742 2742 882 2823 Epacta.
897 2755 936 2804 111
948 2791 956 2804 .
969 2741 1204 2806 Concurrente.
1216 2757 1261 2806 11.
1274 2743 1427 2827 Septimis

235 2848 257 2912 J
261 2847 329 2910 unii
344 2845 449 2909 idibus
464 2893 471 2907 .
486 2840 566 2904 luna
581 2841 672 2903 xxl⁸.
688 2839 722 2903 in
746 2839 878 2901 ciuitate
900 2838 1049 2901 omnibus
1065 2844 1141 2900 notu
1163 2857 1245 2920 quae
1259 2838 1430 2904 Lundonia

236 2946 355 3010 dicitur
373 2993 380 3007 .
395 2949 462 3006 tota
487 2937 696 3023 cptimntnm⁵
717 2934 928 3019 generalitate
952 2935 1013 2998 sub
1037 2934 1096 2998 ulis
1117 2935 1209 3018 regiae
1231 2935 1428 3020 dapsilitatis

203 3097 208 3108 .
236 3048 346 3113 ovanti
367 3041 555 3130 perscripta⁸
576 3047 648 3105 est.
679 3038 782 3122 Cujus
804 3038 903 3102 etiam
926 3039 1112 3101 inconcusse
1134 3038 1297 3103 firmitatis
1318 3048 1428 3103 aucto·

236 3148 316 3212 ritas
331 3145 382 3210 his
397 3142 532 3207 testibus
546 3139 695 3202 roborata
716 3145 844 3202 constat
858 3185 866 3203 .
881 3135 1026 3214 Quorum
1042 3135 1171 3199 nomina
1193 3137 1309 3201 subtus
1325 3157 1432 3222 gram·

194 3280 198 3287 .
236 3245 334 3310 mulis
349 3242 474 3327 depicta
488 3243 705 3302 annotentur.
821 3265 824 3271 ,
1494 3307 1497 3313 .

366 3371 403 3449 ᾖ
427 3366 493 3449 Ego
508 3360 715 3446 AEbelstanns
735 3355 908 3441 singularis
922 3354 1082 3439 priuilegii
1097 3354 1269 3420 ierarchi'a
1285 3355 1430 3440 preditus

493 3458 680 3540 rex.l1ujus
701 3476 837 3521 acumen
861 3452 995 3517 indiculi
1010 3473 1083 3517 cum
1098 3453 1188 3537 signo
1202 3460 1313 3519 sancte
1328 3454 1431 3519 crucis

493 3551 693 3623 corroboravi
708 3562 741 3620 et
755 3551 945 3634 subscripsi.

367 3661 406 3740 ᾧ
430 3657 495 3740 Ego
512 3652 719 3739 Vulihehnus
733 3648 985 3716 Dorcberncusis
999 3646 1158 3712 aecclesiae
1172 3647 1429 3735 archiepiscopus

493 3751 666 3818 consensi.

332 3895 335 3900 ,
367 3863 406 3942 ᾧ
430 3857 497 3942 Ego
524 3853 714 3939 Vidistanns
740 3848 949 3915 Eboracensis
983 3845 1142 3912 aecclesie
1170 3846 1430 3931 archiepiscopus

492 3950 672 4033 consensi]
688 3946 880 4030 subscripsi.

366 4060 405 4139 ᾧ
428 4055 494 4139 Ego
509 4053 688 4115 Becrnstan
703 4048 871 4131 episcopus
887 4042 1065 4125 consensi]
1080 4042 1273 4127 subscripsi.

368 4158 408 4236 ᾧ
431 4154 498 4236 Ego
512 4147 657 4233 AElfpine
672 4146 841 4229 episcopus
856 4141 1002 4208 consensi
1016 4161 1036 4224 ]
1052 4141 1242 4226 subscripsi.

367 4256 406 4335 ᾧ
430 4251 496 4334 Ego
512 4247 658 4333 Vulssrun
673 4244 842 4328 episcopus
858 4241 1038 4323 consensi]
1055 4239 1246 4323 subscripsi.

367 4354 406 4433 *1⁴
430 4351 497 4434 Ego
511 4343 652 4411 AEllhreh
668 4344 837 4427 episcopus
852 4338 998 4405 consensi
1013 4357 1032 4421 3
1049 4337 1240 4421 subscripsi.

368 4451 407 4532 ›1‹
430 4449 496 4532 Ego
510 4442 660 4508 Tidhelm
674 4441 844 4526 episcopus
859 4436 1039 4520 consensi]
1055 4434 1264 4520 subscripsi
