3788 5498
279 678 344 729 an.
359 661 448 746 947]
691 677 823 726 murro
843 678 887 727 ro
910 676 1071 727 womaro·
1411 616 1477 729 bol
1528 692 1532 700 ·

281 834 347 897 mei
370 833 482 897 dirius
496 832 560 897 Dei
579 831 681 917 gratia
700 832 856 897 suadente
877 830 964 915 qnod
980 832 1152 913 cogitarem
1168 854 1268 916 quam
1290 832 1482 898 mirabiliter

281 951 412 1015 Jquani
426 930 588 995 subtiliter
602 950 758 1013 supernus
768 938 872 994 rector
884 928 1016 993 celestia
1027 938 1061 992 et
1070 931 1233 994 terrestria
1245 931 1336 995 firme
1347 930 1481 995 rationis

282 1030 365 1093 serie
383 1028 541 1111 gubernat
562 1034 659 1110 atque
682 1026 823 1091 custodit
844 1025 921 1108 quia
943 1025 1147 1108 profuturum
1161 1047 1232 1091 esse
1243 1026 1429 1109 judicamus
1442 1022 1493 1092 ea'

282 1147 346 1211 que
357 1126 520 1189 communi
530 1131 635 1189 tractu
647 1145 667 1207 3
677 1124 797 1188 salubri
809 1123 942 1188 consilio
951 1121 1151 1187 definiuntur
1159 1132 1197 1187 ut
1207 1124 1341 1208 qnidam
1352 1124 1483 1208 sapiens
1571 1146 1574 1153 ·

283 1222 482 1289 exhortando
504 1223 685 1285 ammonuit
706 1222 842 1285 dicens.
862 1227 881 1253 “
893 1220 1023 1293 Omnia¹
1046 1240 1121 1284 cnm
1143 1221 1278 1285 consilio
1299 1222 1388 1304 fac]
1408 1230 1483 1305 post

282 1322 407 1385 factum
424 1341 490 1384 non
512 1318 705 1403 penitebis''.
740 1319 860 1383 iccirco
886 1317 1020 1380 minime
1040 1317 1075 1380 in
1097 1317 1261 1381 oblivione
1278 1318 1379 1383 habui
1394 1319 1482 1404 quod

283 1438 417 1501 parvam
446 1426 570 1500 partem
593 1416 762 1499 potestatis
787 1416 851 1479 mei
877 1435 1022 1479 meorum
1048 1415 1270 1498 episcopomm
1295 1416 1482 1484 testimonio

285 1525 525 1598 ceterarumque
547 1514 690 1579 fidelimn
712 1512 962 1595 adstipulatione
986 1511 1133 1576 hilariter
1155 1522 1312 1596 perpetua
1332 1514 1484 1580 libertate

286 1613 405 1677 donavi
426 1628 482 1677 .v.
499 1632 625 1675 mansas
650 1611 778 1675 cuidam
800 1610 898 1673 militi
920 1609 1062 1673 vocitato
1085 1610 1231 1674 nomine.
1254 1611 1426 1695 Vummc.
1448 1612 1485 1677 in

286 1712 344 1776 illo
374 1711 445 1775 loco
473 1709 531 1774 ubi
560 1708 706 1773 ruriculi²
729 1708 925 1793 appellativo
951 1727 1012 1771 usu
1041 1707 1293 1792 ludiburrdisque
1320 1709 1486 1775 vocabulis
1549 1758 1554 1767 .

252 1844 260 1855 ·
286 1830 405 1874 nomen
428 1808 617 1872 indiderunt
638 1823 687 1870 aer
706 1807 969 1891 Drsrcrsprapr
984 1854 992 1868 .
1015 1825 1072 1888 pro
1086 1805 1176 1869 illius
1189 1826 1296 1871 amore
1311 1807 1368 1890 qui
1383 1807 1486 1872 fflxitt
1507 1804 1522 1871 .'

286 1904 416 1971 “Date⁸
429 1914 464 1971 et
477 1905 608 1969 dabitur
622 1904 714 1967 vobis
726 1905 761 1966 ”.
778 1903 946 1979 Quatenus
968 1902 1024 1967 illc
1046 1903 1127 1966 benc
1149 1904 1333 1985 perfruatur
1354 1924 1393 1969 ac
1413 1924 1487 1989 par·

286 2002 462 2089 petualiter
485 2002 649 2085 possideat
671 1999 827 2083 quamdiu
850 2001 945 2065 istius
967 1999 1096 2064 caducis
1118 2000 1220 2064 seculi
1245 2002 1348 2066 uitam
1376 2010 1488 2068 tenere

288 2106 452 2184 presumet
464 2151 471 2164 .
483 2120 502 2181 3
514 2106 685 2182 postquam
695 2097 914 2161 universitatis
924 2096 1011 2161 viam
1020 2097 1136 2161 adierit
1144 2095 1337 2181 cuicumque
1347 2099 1490 2165 voluerit

288 2197 400 2262 heredi
419 2197 622 2278 derelinquat
643 2195 739 2258 sicuti
761 2194 959 2277 prediximus
980 2196 1015 2258 in
1037 2194 1220 2258 licternam⁴
1233 2196 1488 2263 haereditatem.

290 2294 341 2358 Sit
355 2304 464 2357 autem
480 2292 729 2377 predictum'rus
743 2291 881 2355 libemm
901 2291 943 2355 ab
956 2291 1046 2356 omni
1059 2291 1220 2355 mundiali
1233 2293 1399 2359 obstaculo
1412 2315 1489 2361 cum

161 2402 164 2407 ’
289 2392 440 2455 omnibus
454 2391 496 2454 ad
510 2411 544 2455 se
564 2389 626 2453 rite
647 2389 903 2471 pertinentibus.
918 2389 1061 2473 campis.
1076 2389 1205 2473 pascuis
1220 2391 1362 2474 .pratis.
1378 2392 1490 2459 silvis.

290 2496 425 2572 excepto
439 2488 512 2551 istis
526 2488 630 2550 tribus
645 2486 849 2569 expeditione
862 2487 972 2570 pontis
985 2536 993 2551 .
1008 2487 1130 2551 arcisve
1145 2490 1406 2556 oonstmctione.

213 2605 216 2609 ·
335 2586 377 2649 In
399 2586 525 2650 cunctis
548 2605 623 2649 vcro
643 2584 877 2649 successoribus
899 2585 959 2648 hoc
981 2585 1038 2667 jus
1054 2584 1239 2651 donationis
1258 2589 1404 2672 augendo
1418 2592 1492 2675 qui·

292 2704 430 2768 cumque
455 2682 650 2767 amplificare
673 2683 847 2767 satagerint
868 2688 984 2767 augeat
1005 2682 1245 2766 amplificatque
1267 2687 1493 2771 cunctiparens
1543 2740 1546 2745 .

290 2783 434 2866 genitor.
450 2781 485 2844 in
499 2782 561 2845 hoc
584 2780 723 2863 presenti
746 2778 853 2844 seculo
867 2780 970 2843 vitam
985 2778 1117 2843 illorum
1132 2799 1152 2862 ]
1167 2778 1254 2844 inter
1270 2781 1390 2849 celibes
1405 2786 1493 2853 beati

293 2882 466 2963 felicesque
481 2879 550 2944 sine
565 2880 629 2944 fine
643 2880 678 2942 in
693 2887 803 2944 etema
817 2878 901 2943 doxa
915 2879 1080 2944 letentur.
1104 2879 1132 2941 si
1154 2880 1229 2962 quis
1243 2887 1354 2945 autem
1364 2888 1496 2969 propria

292 2979 476 3044 temeritate
497 2977 657 3042 violenter
677 2977 829 3041 invadere
850 2976 1106 3059 presumpserit.
1130 2975 1220 3040 Sciat
1233 2996 1268 3042 sc
1282 2982 1496 3062 procrddubio

294 3086 370 3142 aute
384 3076 529 3140 tribunal
549 3075 687 3139 districti
704 3075 824 3157 judicis
844 3074 1042 3137 titubantem
1063 3074 1377 3161 tremebundumque
1397 3084 1498 3149 ratio·

295 3196 371 3240 nem
382 3174 585 3238 redditurum
595 3222 602 3236 .
611 3172 674 3236 nisi
689 3172 779 3256 prius
794 3170 891 3254 digna
905 3170 1126 3234 satisfaccione
1141 3172 1312 3239 emendare
1326 3176 1498 3246 maluerit.

340 3272 442 3335 illoto.⁵
465 3271 544 3334 Istis
555 3269 701 3333 terminis
709 3269 854 3352 predicta
868 3275 954 3331 terra
968 3267 1194 3351 circumgirata
1206 3290 1277 3335 esse
1285 3271 1416 3340 videtur
1425 3326 1433 3340 .
1443 3277 1500 3364 pis
1573 3264 1576 3271 ’

296 3370 371 3435 sind
392 3373 433 3456 ba
460 3367 674 3451 landgemaera
699 3372 744 3431 aet
767 3365 994 3450 denicespurPe
1008 3413 1015 3427 .
1031 3372 1135 3429 aerest
1149 3385 1192 3429 on
1216 3367 1359 3457 cillaribe
1373 3382 1499 3457 peston

298 3468 416 3531 niutt-ic
431 3487 472 3529 on
488 3468 529 3548 pa
542 3464 595 3527 dic
610 3485 651 3528 on
666 3462 807 3526 ordulfes
820 3483 956 3545 gemaere
969 3470 1004 3525 to
1018 3482 1135 3546 ceapan
1149 3461 1375 3555 hlaepe031ang
1390 3470 1499 3538 dicon

298 3565 451 3628 landbroc
471 3561 801 3645 ]langbrocestc}›an
813 3558 1501 3646 nordrandencespurPe7.ponne⁸eastrihte

299 3662 348 3724 eft
376 3660 424 3723 to⁰
448 3657 546 3722 cillan
573 3657 674 3740 iripo3
702 3661 807 3741 ponne
829 3660 892 3741 paer
914 3658 977 3721 sub
1001 3661 1066 3741 Paer
1086 3677 1123 3741 pe
1139 3678 1185 3721 aer
1204 3660 1366 3745 oniengon
1388 3666 1502 3750 banau

299 3757 406 3841 licga’o
423 3760 485 3839 porr
499 3759 540 3836 ba
553 3757 627 3840 brec
642 3755 719 3818 hida
732 3774 775 3817 on
788 3757 877 3840 pan¹¹
892 3756 1032 3820 norbran
1047 3755 1272 3843 dencespurPe⁷
1287 3760 1472 3831 undaelede.

432 3868 472 3946 ᾧ
496 3866 564 3949 Ego
579 3864 744 3929 Eadredus
765 3884 821 3929 rex
841 3866 1021 3949 Anglomm
1043 3865 1203 3949 prefatam
1218 3867 1425 3937 donationem
1439 3874 1501 3940 sub

562 3962 667 4046 sigillo
682 3970 793 4027 sancte
813 3964 917 4028 crucis
930 3962 1204 4029 indeclinabiliter
1218 3970 1365 4033 consensi
1380 4019 1387 4034 .
1403 3978 1503 4057 atque

562 4060 757 4125 roboravi¹⁸.

434 4160 474 4240 ›1‹
496 4158 564 4241 Ego
578 4158 717 4241 Eadgifu
732 4158 876 4241 ejusdem
891 4160 974 4244 regis
982 4170 1087 4225 mater
1095 4160 1278 4245 predictum
1292 4163 1415 4232 donum
1428 4188 1504 4235 cum

565 4255 671 4338 sigillo
685 4264 796 4321 sancte
811 4257 915 4321 crucis
928 4256 1140 4323 confirmavi.

436 4357 476 4435 ›1‹
499 4354 567 4438 Qo
583 4354 654 4417 Oda
672 4354 913 4419 Doroberenis¹³
927 4353 1059 4421 ecclesie
1080 4356 1340 4446 archiepiscopus
1359 4362 1505 4447 ejusdem

566 4451 648 4534 regis
684 4451 901 4536 principatum
937 4460 973 4517 et
999 4454 1254 4521 benivolentiam
1290 4479 1364 4524 cum
1401 4463 1508 4549 sigillo

566 4557 677 4614 sancte
692 4549 796 4614 crucis
810 4551 976 4616 conclusi.
1378 4578 1381 4583 ·

354 4662 625 4724 mammaeae.
776 4663 941 4723 ’sowa
1056 4666 1246 4731 ⁸anri,88.
1363 4671 1508 4736 ‘Actffl

305 4745 317 4777 ⁸
333 4746 403 4796 lists
414 4744 601 4796 nenoeswioo.
616 4757 651 4796 r.
664 4761 811 4796 mansamm
822 4752 883 4797 sunt
896 4746 959 4809 bace,
971 4746 1005 4799 Β.
1097 4746 1110 4779 ⁸
1125 4750 1214 4813 Hlepe.
1226 4748 1261 4801 Β.
1357 4751 1369 4787 ¹
1385 4752 1511 4807 Deum

307 4826 441 4893 urta&
558 4824 727 4884 moneas.
831 4826 957 4889 ·on,a.
1072 4828 1248 4891 uma.
1362 4831 1510 4899 ”aaa

308 4903 644 4968 ”samaomaanre
744 4904 922 4971 name
1010 4964 1014 4969 ,
