3788 5498
327 496 396 546 an.
412 484 502 569 880]
724 502 862 551 mann
883 502 954 551 aun
975 500 1150 551 oornnon
1481 485 1543 548 aiz

374 654 438 719 Isti
452 665 531 721 sunt
545 658 676 723 termini
692 660 811 724 circum
829 661 975 741 jacentes
989 658 1031 721 ab
1046 658 1170 724 oriente
1187 666 1275 723 terra
1295 656 1382 742 rem's
1402 655 1542 740 roadlig·

329 752 445 834 pealda
460 804 467 818 .
484 754 503 818 ai
518 756 653 820 meridie
668 756 709 819 ad
724 758 857 821 abbates
871 755 971 820 land.
987 764 1022 820 to
1037 754 1244 840 langandune
1257 805 1266 821 .
1280 755 1323 819 ab
1337 754 1540 838 occidente]

329 848 373 912 ab
387 852 540 933 aquilone
555 854 721 938 Elpeaides
737 902 746 919 .
760 854 838 919 land
853 854 937 938 regis
951 854 1093 917 ministri
1108 900 1118 918 .

376 946 411 1009 Si
427 950 502 1032 quis
516 971 593 1014 vero
607 951 763 1016 heredum
775 972 1058 1035 successorumque
1068 973 1213 1017 meorum
1228 973 1340 1037 regum
1356 951 1542 1036 principum

331 1043 453 1109 ducum
471 1093 479 1109 .
495 1049 689 1131 optimatum
705 1051 774 1114 sive
794 1061 1019 1114 extmneoram
1037 1050 1122 1115 banc
1140 1070 1246 1115 aream
1265 1050 1473 1115 donationem
1487 1049 1543 1114 val
1580 1098 1584 1105 ,

331 1140 519 1209 libertatem
535 1168 662 1211 servare
672 1148 809 1211 voluerit
820 1157 952 1232 ,erigent
965 1149 1171 1231 omnipotens
1186 1149 1277 1214 Deus
1291 1149 1362 1213 dies
1372 1149 1444 1231 ejus
1454 1168 1543 1232 pros-

234 1253 237 1258 “
332 1259 426 1321 perus
441 1243 495 1308 hic
510 1267 529 1326 ]
546 1246 580 1308 iu
597 1247 731 1311 futuro.
778 1248 871 1324 Quod
894 1247 922 1311 si
948 1248 1087 1330 alicujus
1108 1268 1244 1331 persone
1265 1247 1361 1311 homo
1383 1245 1543 1311 diabolica

334 1342 519 1407 temeritate
535 1345 728 1427 iustagatus¹
746 1347 943 1409 surrexerit.
959 1346 1017 1429 qui
1039 1346 1125 1409 banc
1139 1366 1244 1409 meam
1266 1344 1474 1409 donationem
1489 1342 1543 1407 val
1568 1390 1571 1394 -
1695 1406 1699 1413 .

332 1436 518 1505 lilertatem
535 1443 707 1526 infringere
722 1443 774 1508 vel
794 1445 973 1507 diminuere
994 1444 1030 1507 in
1045 1443 1154 1526 aliquo
1173 1442 1447 1537 retemptaverit¹ss
1462 1440 1545 1506 sciat

333 1556 369 1599 se
383 1545 461 1601 ante
476 1540 621 1603 tribunal
636 1542 754 1605 summi
771 1563 790 1622 ]
807 1543 908 1605 eterni
929 1540 1049 1624 judicis
1071 1541 1229 1604 rationem
1247 1560 1318 1605 esse
1337 1538 1544 1605 redditurum
1635 1546 1639 1555 '

212 1710 215 1717 Ι
333 1633 399 1696 nisi
413 1642 490 1701 ante
505 1638 604 1722 digna
619 1660 638 1721 ]
653 1638 805 1723 placabili
819 1640 1038 1704 satisfactione
1052 1640 1125 1703 Deo
1138 1658 1158 1720 ]
1169 1637 1357 1703 bominibus
1370 1636 1544 1703 emendata

333 1729 477 1797 voluerit
488 1783 497 1797 .

379 1828 454 1895 Hac
463 1852 541 1897 vero
555 1834 741 1898 conditione
756 1835 932 1918 composita
946 1834 1032 1898 inter
1045 1833 1285 1899 AEtbelbertum
1300 1854 1408 1917 regem
1418 1853 1438 1915 3
1450 1830 1543 1898 Diet-

335 1928 460 1993 nobum
475 1932 627 1997 abbatem
642 1938 649 1992 Ε
666 1935 700 1997 Si
716 1934 796 1997 mihi
813 1934 959 2016 meisque
974 1933 1153 1998 karissimis
1174 1933 1329 1997 iratribus
1347 1932 1484 1997 humilis
1505 1951 1545 1997 ac

195 2090 215 2123 ,Ι
335 2026 443 2091 fidelis
458 2028 666 2113 Ethelredo]
684 2032 839 2095 AEluredo
865 2052 1050 2114 permanere
1071 2031 1212 2094 voluerit
1225 2035 1234 2090 t
1249 2031 1406 2113 nobisque
1419 2030 1543 2094 obtem·

335 2147 448 2210 per-are
458 2150 523 2194 non
534 2132 653 2195 desivit
662 2138 670 2191 S
680 2134 830 2196 tuncista
840 2133 949 2196 omnia
959 2132 1056 2197 verba
1068 2131 1252 2215 supradicta
1261 2133 1325 2195 fixa
1333 2138 1545 2215 permenam

334 2226 423 2291 sicut·
436 2227 455 2291 (ι
470 2230 566 2293 nobis
579 2251 667 2294 nunc
682 2251 831 2296 concessa
845 2239 923 2295 sunt
938 2281 945 2295 .

382 2333 506 2394 Actum
531 2339 581 2395 est
604 2341 713 2394 autem
739 2352 825 2395 anno
847 2331 1007 2395 dominice
1022 2331 1258 2395 incarnacionis
1279 2346 1349 2395 .·1>.
1364 2346 1427 2395 occ
1440 2380 1448 2395 .
1463 2344 1546 2399 m.

336 2428 517 2493 indictione
527 2479 535 2493 .
544 2446 581 2492 rx
592 2481 599 2492 .
609 2430 644 2492 in
658 2428 729 2493 loco
738 2431 881 2513 preclaro
892 2430 949 2512 qui
961 2430 1148 2492 nominatur
1157 2430 1377 2513 Fregetburua
1391 2426 1545 2493 anlrsn’ss-

336 2527 424 2590 rium
440 2527 492 2591 bis
507 2528 646 2591 testibus
661 2528 936 2591 consentientibus
951 2547 989 2591 ac
1004 2527 1316 2608 conscribentibus]
1332 2546 1409 2591 cum
1424 2522 1545 2590 vexillo

336 2636 450 2689 sancte
465 2626 571 2689 crucis
587 2624 708 2689 Christi
724 2624 988 2690 confirmantibus
1010 2644 1147 2711 quorum
1160 2624 1215 2689 bic
1228 2625 1361 2689 nentina
1385 2624 1471 2689 infra
1482 2622 1546 2689 hae

337 2723 374 2786 in
389 2724 523 2788 scedula
538 2724 694 2789 karaxata
704 2723 917 2788 adnotantur.
1000 2740 1003 2744 ·

643 2849 694 2899 [k]
708 2850 766 2891 Brit.
775 2849 844 2897 Mun..
852 2848 938 2891 cotton
946 2849 995 2891 ua
1003 2848 1084 2892 Julius
1092 2848 1121 2892 D.
1128 2846 1183 2899 Μ.
1192 2848 1251 2892 lut.

317 3264 320 3269 .
363 3212 430 3275 ssa
456 3210 582 3294 (549⁸).
617 3211 732 3293 nean
754 3181 878 3273 utnon
893 3206 1134 3369 Kaggonrfrco
1154 3206 1222 3269 amr
1240 3205 1332 3289 [τηις
1355 3205 1524 3281 sennen,

843 3328 867 3371 0.
883 3322 946 3370 ΑᾸ).
1028 3353 1037 3370 .

392 3437 457 3500 Dis
471 3437 500 3500 is
515 3441 539 3520 p
557 3435 635 3498 frib2
650 3437 674 3517 p
689 3433 817 3497 AElircd
832 3430 1002 3515 cyninch
1017 3451 1037 3513 3
1053 3430 1204 3514 Gyarum
1219 3430 1339 3513 cyning
1351 3451 1393 3512 .]
1408 3431 1508 3499 ealles

431 3534 664 3618 Angelc)nnes
679 3532 767 3616 pitan
783 3552 827 3611 .]
851 3529 902 3592 eal
924 3549 977 3593 seo
999 3527 1080 3614 baed
1102 3531 1141 3611 pe
1164 3548 1206 3592 on
1228 3528 1464 3611 EastEnglum

475 3632 560 3698 beoa
577 3681 587 3696 .
603 3630 684 3696 ealle
699 3627 858 3712 gecpeden
873 3627 1003 3690 habba’o
1021 3675 1030 3691 .
1045 3648 1065 3709 J
1080 3626 1151 3690 mid
1170 3628 1270 3690 atium
1282 3627 1420 3711 gerest-

519 3730 616 3794 nod⁴.
633 3729 683 3791 for
704 3726 766 3810 by⁵
779 3725 863 3810 sylfe
879 3744 898 3807 ]
913 3726 964 3788 ior
977 3723 1076 3789 heora
1096 3725 1232 3810 gingran
1245 3775 1254 3789 .
1267 3745 1308 3809 ga
1328 3724 1380 3789 ior

564 3829 722 3913 geborene
751 3846 790 3908 ge
820 3824 870 3887 for
895 3823 1099 3908 ungeborene
1124 3871 1134 3888 .
1164 3828 1202 3910 pe
1227 3822 1336 3889 Gades

728 3923 838 3988 miltse
852 3943 943 3988 recce
959 3925 1038 4006 oppa
1051 3942 1111 3987 ure
1124 3944 1135 3985 ι
1150 3965 1159 3980 .

388 4072 410 4119 ι
433 4054 546 4120 AErest
562 4053 642 4138 ymb
658 4073 714 4116 ure
728 4050 958 4135 land-genuere
972 4100 979 4113 .
995 4070 1040 4133 up
1055 4069 1097 4112 on
1112 4047 1265 4113 Temese!
1281 4051 1430 4133 Jponne
1443 4068 1490 4133 up
1510 4070 1554 4115 on

342 4152 471 4238 Liga.n⁷
484 4151 767 4236 Jandlangoljgan
783 4106 952 4214 050211ire
925 4170 986 4232 ap)
971 4149 1062 4232 y.lm
1073 4151 1179 4232 ponne
1193 4146 1554 4232 ongerihtetoBcdan·

343 4252 466 4317 forda⁸.
482 4255 589 4337 ponne
605 4270 706 4332 upon
723 4248 815 4313 Usan
830 4250 873 4311 ob
888 4246 1203 4333 Vaetlinga-straet02·
1266 4296 1269 4301 .
1288 4250 1292 4257 '

391 4350 456 4414 11¹⁰
476 4348 599 4413 Datis
613 4350 740 4433 ponne.
754 4346 803 4430 gif
816 4366 895 4409 man
909 4345 1053 4431 osslagen
1067 4345 1206 4431 peorbe.
1220 4342 1304 4409 ealle
1317 4342 1468 4486 peletad
1480 4298 1556 4411 efen

393 4500 540 4562 ¹812,ss

636 4676 651 4706 v
785 4577 1009 4711 'saonen
1124 4656 1374 4721 aurunco-e
1482 4653 1557 4707 ²·n·
